2902 4996
327 357 436 424 secr·
460 353 518 422 IV·
539 330 724 428 Drancis
745 371 931 425 serioue.
1018 439 1022 450 ,
1104 374 1168 452 289

123 498 294 580 halant3
332 499 546 586 impeditur
587 496 803 566 olsooarum
836 504 1167 576 etresinosarum

121 603 429 670 substantiarum
463 601 635 690 genesis,
658 607 696 675 et
724 609 885 687 pereunt
903 607 1063 672 tandem
1088 613 1167 696 ”).

123 705 159 775 Si
178 725 269 772 vero
288 707 446 798 plantae
464 704 618 770 eaedem
631 705 795 805 influaui
812 707 906 772 lucis
916 716 1030 786 2ante
1050 732 1166 797 quam

121 809 274 894 penitus
295 815 496 894 pereunt,
519 814 761 896 exponuntur
781 812 1024 896 ,pristinam
1058 837 1167 884 recu·

121 921 261 1000 perant
279 903 532 981 vivacitatem
552 921 590 980 et
609 915 807 991 nativum,
829 919 1019 1000 profunde
1037 921 1168 986 viren-

121 1026 202 1088 tem
223 1020 410 1096 colorem,
434 1009 535 1106 quo‘d
561 1019 687 1104 ipsum
698 1017 720 1094 ‚J
731 1026 776 1084 ut
796 1021 1024 1086 sanuserat
1031 1047 1046 1182 Γ
1069 1016 1172 1090 Tus·¹

125 1140 240 1204 arua,
263 1127 481 1190 Ηιιιιιιιοιιιι
512 1130 550 1190 et
572 1125 775 1189 ‘Vassscur
808 1129 1022 1206 testantur,
1047 1129 1169 1196 etiam

121 1230 314 1317 lampadis
331 1234 507 1316 praestat
526 1229 659 1296 lumen
671 1230 728 1315 a).
751 1229 884 1294 Virent
903 1236 1036 1296 tamen
1055 1228 1169 1316 plan·

123 1340 187 1401 tae
207 1329 436 1418 profundius
454 1353 586 1417 saepe,
610 1333 830 1419 optimeque
848 1340 1031 1420 vegetant
1050 1334 1091 1400 in
1110 1337 1169 1400 lo·

125 1437 177 1502 cis
197 1437 386 1502 umbrosis
420 1442 459 1502 et
486 1435 660 1502 humidis
672 1476 683 1511 ,
704 1442 742 1500 et
761 1436 914 1501 invenit
937 1439 1004 1502 cel.
1017 1459 1040 1500 a
1056 1440 1169 1504 Hou-

123 1551 248 1604 notnt
261 1539 303 1604 in
314 1517 530 1655 profundis
537 1542 662 1602 terrae
682 1538 895 1602 visceribus
916 1541 1044 1604 varias
1058 1541 1169 1624 plan·

123 1647 254 1713 tarum
271 1638 435 1723 species,
458 1658 554 1725 quae
574 1637 835 1724 pulcherrime
854 1639 1172 1729 virescebantb).

125 1743 167 1810 ld
188 1750 320 1808 eutem
349 1738 1174 1827 phaenomenonce11.ssuuaa1aa,1ueau

125 1861 271 1924 nouss,
291 1849 573 1912 Huroeoonret
592 1848 859 1914 Tnuvraauus
885 1846 985 1910 airis
1020 1845 1174 1910 inflam-

90 1993 97 2014 ι
125 1948 282 2018 mabilia
298 1951 544 2038 quantitati,
568 1969 678 2038 quae
706 1951 1002 2034 atmoaphaerae
1038 1969 1170 2014 eorum

129 2055 305 2121 locorum
338 2055 459 2132 inest,
482 2073 627 2168 quaeve
653 2052 750 2116 lucis
784 2054 937 2138 supplet
957 2051 1147 2118 deiectum
1160 2093 1188 2132 ‚.

130 2158 357 2276 adscrihunt
380 2159 436 2243 c)

158 2347 284 2410 Nec
303 2343 430 2410 minor
462 2348 518 2409 est
541 2341 637 2407 lucis
666 2341 837 2425 efficacia
864 2343 906 2414 ia
928 2343 1068 2431 varias*
1089 2343 1172 2408 eni·

129 2450 294 2515 melium
315 2451 462 2537 classes.
482 2439 635 2512 Etenim
654 2447 860 2512 intensitas
882 2431 1018 2527 coloris
1034 2469 1177 2534 eapro-

127 2555 306 2648 portione
324 2552 503 2647 increscit
522 2553 565 2617 in
590 2550 827 2637 animalibus
848 2552 990 2618 diversi
1011 2553 1178 2638 generis,

52 2710 55 2716 .
131 2679 207 2745 qua
227 2658 386 2724 luminis
408 2657 532 2740 major
550 2661 607 2738 est
626 2655 683 2718 via
695 2694 717 2734 ,,
731 2663 767 2720 et
789 2656 977 2745 amittunt
999 2656 1116 2720 bruta
1136 2662 1176 2720 et

129 2761 206 2844 ipsi
235 2760 355 2824 etiam
384 2757 583 2832 homines,
607 2757 674 2841 qui
709 2758 777 2820 sub
801 2755 1005 2840 frigidiore
1034 2759 1176 2822 vivunt

132 2865 258 2939 caelo,
280 2861 456 2946 hyemali
470 2847 641 2942 tempore
663 2845 829 2924 chlorem
851 2857 1088 2942 profundum
1114 2862 1176 2944 d).

130 2969 189 3036 Ad
209 2963 458 3055 aequatorem
481 2965 585 3028 enim
604 2957 697 3027 eolis
718 2963 821 3028 radii
843 2963 1085 3028 verticaliter
1115 2962 1177 3028 in·
1271 2961 1274 2968 '

134 3076 289 3149 cidunt,
310 3072 530 3164 habentque
550 3071 672 3132 multo
701 3068 886 3148 majorem
916 3067 1180 3142 intensionem

135 3199 251 3268 quam
281 3176 323 3240 in
351 3173 503 3239 dissitis
531 3193 555 3236 a
585 3173 690 3238 linea
723 3169 938 3238 meridiana
969 3168 1061 3236 locis
1074 3215 1089 3245 ,1
1110 3167 1181 3235 ubi

133 3281 298 3369 angulus
328 3275 567 3342 incidentiae
596 3297 640 3340 eo
674 3274 823 3340 acutior
853 3273 923 3349 fit,
947 3291 1020 3358 quo
1050 3273 1200 3356 magis‘

136 3387 185 3452 ad
216 3379 446 3466 alterutrum
467 3378 667 3444 accesseris
687 3378 832 3462 polum.
869 3379 913 3440 In
927 3380 1061 3442 nostro
1084 3377 1179 3459 quo·

110 3467 210 3578 ¹que
242 3486 397 3551 climate
427 3477 649 3558 animalia,
672 3481 755 3546 fera
783 3477 1011 3564 praecipue,
1035 3479 1182 3544 colores

137 3597 293 3660 mutant
305 3633 317 3668 ,
340 3588 459 3662 adeo,
481 3591 526 3650 ut
545 3589 689 3650 aestate
718 3581 949 3668 profundius
973 3579 1180 3665 tingantur

26 3725 27 3730 ¹
136 3698 290 3781 plumae
311 3700 349 3757 et
378 3689 474 3774 pili,
496 3689 712 3772 iterumque
742 3686 1003 3806 expalleaoant
1027 3685 1183 3771 hyemis

137 3807 322 3889 tempore..
355 3795 464 3858 Rana
495 3792 667 3856 arborea
682 3787 886 3863 L‚radiie
907 3787 1098 3854 solaribus
1119 3809 1182 3854 ex
1271 3781 1274 3797 ⁴

138 3903 285 3990 posita,
308 3905 353 3964 ut
370 3903 508 3976 notum
526 3899 606 3969 aot,
628 3891 807 3966 virorem
819 3886 946 3974 perdit
978 3891 1184 3972 floridum,

140 4013 179 4070 et
198 4003 364 4087 tingitur
386 4005 472 4069 atro
491 3999 612 4064 ferma
635 3996 770 4060 colore.
806 3993 901 4060 Illae
923 3990 1012 4090 dein
1042 3993 1183 4058 huma

140 4128 213 4184 nae
237 4106 335 4172 cutis
363 4109 516 4190 partes,
540 4122 635 4187 quaa
665 4085 837 4164 vestibus
869 4115 947 4164 non
977 4079 1184 4184 teguntur,

141 4214 189 4299 ab
212 4207 426 4278 intensiore
449 4207 546 4272 lucis
574 4202 772 4272 aestivalis
811 4201 959 4270 influxu
990 4203 1192 4289 profundo

155 4327 160 4350 ⁰
182 4313 417 4422 Leuno'ssiu
435 4349 607 4438 Phyeiol.
628 4347 727 4411 med.
745 4347 825 4414 Vol.
847 4345 893 4414 11.
980 4347 1011 4414 T
