2904 5004
291 343 351 442 ias
371 339 964 434 1213.rimentussnasom.
985 381 1101 432 conr.
1123 365 1293 464 sussen.

287 499 360 580 inis
384 515 614 587 manifesta,
639 505 864 576 cellulosam
892 515 1010 580 telam
1031 516 1201 582 incolere
1222 537 1334 601 prae-

285 611 397 704 'cipue
422 613 616 682 videntur
640 619 779 681 Notatu
800 615 1020 700 dignissimi
1042 625 1134 686 sunt
1160 627 1337 702 nervi,
1442 629 1443 632 ’

288 719 521 787 ‘arteriarum
542 727 736 786 texturam
757 722 916 812 omnino
938 725 1167 801 subeuntes,
1187 749 1340 792 earum

286 835 358 916 que
400 829 638 893 functionem
677 805 839 891 vitalem
882 829 1151 912 gubernantes.
1195 835 1336 898 Omnes

287 937 390 998 enim
413 936 578 1002 arteriae
599 935 738 996 nervos
757 933 906 997 babent
918 980 929 1013 ‚
952 942 989 998 et
1008 945 1170 1024 augetur
1204 931 1338 1014 eorum
1442 979 1443 1000 ι

286 1037 397 1119 copia
418 1055 461 1099 ea
479 1035 751 1118 proportione,
774 1054 848 1119 qua
866 1036 973 1118 ipsae
996 1041 1252 1121 gracilescunt
1274 1065 1337 1106 ar·

229 1135 232 1140 ’
283 1142 407 1204 terias
431 1141 510 1224 ’“).
534 1140 636 1202 Vena
666 1135 927 1220 pulmonalis,
959 1142 1169 1206 arteriosae
1202 1145 1340 1228 utique
1390 1141 1394 1156 '
1442 1187 1443 1190 κ

285 1235 453 1324 indolis,
475 1243 653 1328 aliaeque
673 1239 903 1325 pulmonum
925 1245 1093 1308 arteriae
1124 1245 1338 1312 cerebrsli-

283 1347 355 1410 bus
379 1343 548 1432 gaudent
567 1344 717 1417 nervis,
740 1343 934 1428 siquidem
954 1364 1024 1427 par
1043 1366 1183 1431 vagum
1203 1351 1335 1431 parie-

277 1455 343 1522 tes
367 1463 498 1510 eorum
517 1467 699 1510 vasorum
725 1447 898 1510 reticulis
917 1453 955 1517 et
977 1450 1142 1514 surculis
1172 1453 1337 1534 copiosis

233 1597 235 1604 .
284 1545 491 1635 provideat
508 1551 567 1634 e).
590 1551 717 1632 Ipsum
742 1556 871 1614 autem
891 1554 1135 1636 gangliorum
1165 1561 1338 1638 systema
1409 1595 1443 1642 'z

285 1651 440 1718 arteriis
462 1654 553 1717 solis
575 1653 810 1718 destinatur:
836 1654 1067 1721 incumbunt
1098 1654 1335 1744 principales

283 1759 361 1838 ejus
384 1759 515 1840 plexus
536 1756 688 1821 arteriis
710 1753 950 1838 majoribus3
982 1745 1147 1826 mittunt
1178 1775 1334 1838 ramos,

285 1861 351 1953 qui
373 1860 533 1924 arterias
556 1860 701 1924 retibus
725 1861 907 1945 cingunt,
930 1869 1061 1926 'earum
1083 1865 1233 1956 tunicas
1264 1878 1332 1948 pe-

183 1969 206 1988 '‘
286 1971 447 2030 netrant
474 2007 484 2040 ,
516 1965 723 2064 omniaque
764 1984 946 2030 vesorum
988 1967 1334 2032 subtilissimorum

281 2067 458 2133 stamine
480 2059 740 2141 comitantur,
754 2073 791 2130 et
810 2071 966 2152 quaevis
988 2075 1132 2152 organa
1144 2069 1337 2159 cumipsis

283 2171 346 2238 his
373 2171 542 2235 vasculis
562 2171 741 2244 subeunt
766 2168 968 2266 Effingunt
987 2179 1116 2234 autem
1137 2175 1247 2237 nervi
1268 2174 1334 2250 hi,

120 2259 127 2268 ⁸
226 2351 233 2367 μ
283 2277 460 2342 subluteo
500 2261 659 2336 colors
668 2274 895 2356 conspicui,
923 2275 1126 2340 reticulum
1159 2275 1332 2358 duplex,

284 2381 405 2443 unum
431 2375 629 2440 externum
654 2377 801 2452 laxius,
822 2383 936 2462 etque
950 2382 1115 2443 alterum
1135 2381 1334 2450 internum

286 2473 464 2558 densius,
491 2481 591 2567 quod
617 2501 702 2544 cum
722 2475 961 2550 membranis
981 2485 1212 2550 arteriarum
1242 2506 1330 2552 con-

285 2567 424 2653 fervet.
449 2587 542 2652 asts
563 2585 669 2668 prius
694 2583 866 2652 surculos
891 2588 1015 2650 solum
1033 2589 1202 2652 mittit
1191 2611 1233 2654 ιιι
1260 2593 1330 2655 cel-

282 2669 450 2756 iulosam
472 2685 709 2767 tunicam,et
724 2684 920 2755 confluit
908 2712 949 2753 ιιι
969 2669 1209 2776 longioribus
1231 2701 1333 2758 arte·

283 2801 356 2865 riis
378 2794 437 2882 (ιι.
459 2815 494 2881 g.
518 2795 559 2860 in
578 2798 840 2885 spermaticis)
861 2798 1033 2872 cumreti
1053 2797 1228 2880 interno;
1241 2798 1332 2864 den-

284 2924 369 2970 sum
379 2921 469 2967 vero
491 2907 573 2966 rete
591 2905 794 2986 pulposam
809 2909 846 2966 et
866 2909 1040 2966 teneram
1053 2905 1333 2981 membranam,

286 3007 370 3096 'cum
396 3004 539 3069 surculi
562 3005 640 3088 ejus
662 2987 886 3072 cellulosam
921 3003 1077 3102 oblique
1108 3009 1331 3088 perforant,

284 3109 326 3176 in
346 3109 493 3174 fibrosa
523 3108 702 3206 efformet
723 3107 882 3185 tunica,
907 3111 945 3171 et
965 3107 1174 3173 miscentur
1193 3111 1329 3176 stami-

177 3265 181 3274 .
282 3213 335 3300 ira
358 3213 438 3296 ejus
459 3210 717 3276 subtilissima
739 3232 823 3276 cum
851 3214 1070 3278 substantia
1099 3206 1253 3283 tunicae
1281 3218 1330 3282 fi-

280 3321 419 3384 brosae
431 3315 491 3401 b).
515 3313 741 3398 systematis
756 3317 962 3380 cerebralis
988 3317 1109 3391 rami,
1126 3319 1191 3402 qui
1225 3323 1329 3386 aite-

280 3418 363 3487 iias
392 3413 647 3506 comitentur,
680 3423 723 3482 ut
752 3413 877 3482 Lucas
917 3419 958 3488 in
999 3441 1119 3487 nervo
1147 3422 1328 3492 mediano

258 3521 454 3590 'ostendit
476 3521 540 3608 c),
561 3522 720 3614 arterias
743 3525 919 3604 exposita
949 3527 1124 3605 ratione,
1159 3529 1202 3596 in
1229 3543 1328 3596 non-

282 3627 403 3696 nullis
427 3627 566 3692 saltem
589 3628 705 3703 locis,
729 3631 905 3695 subeunt.
985 3623 992 3640 ‘
1144 3699 1150 3728 Ι

366 3794 507 3857 Textus
526 3767 733 3855 ¹cellulosus¹
752 3789 793 3855 in'
811 3775 945 3858 tunica
963 3779 1105 3864 fibrosa
1126 3807 1164 3864 et
1187 3799 1333 3864 intima

283 3897 539 3972 arteriarum,
558 3902 603 3978 ut
626 3897 777 3960 Breues
800 3902 984 3981 comperit
1003 3901 1075 3989 d),
1097 3903 1330 3968 maceratio-

281 4000 330 4068 be
350 4003 438 4068 sisti
456 3999 561 4066 haud
578 4006 723 4084 potest,
745 3999 812 4064 ne'c
837 4005 925 4070 aliis
957 4027 996 4070 se
1017 4009 1250 4074 manifestat
1282 4007 1333 4072 si·

279 4107 375 4194 gnis.

384 4249 420 4338 ij
436 4265 610 4323 mensus
626 4266 697 4340 ellg.
713 4269 801 4326 Aust.
812 4270 843 4325 -l.
859 4282 890 4329 ιι
902 4289 931 4346 p.
956 4270 1000 4341 ⁵4¹·

1108 4420 1114 4426 ,
1157 4369 1211 4452 ιι)
1230 4370 1347 4440 sou..
