2904 5004
253 353 315 494 iod
340 405 482 474 Luali.
498 401 717 478 cunina
731 413 822 465 eun.
837 413 937 514 nun.
958 415 1070 465 conr.
1092 413 1261 465 srsrnn.

258 558 389 618 autem
411 549 544 634 opinio
563 549 660 611 haee
682 561 900 629 persensae
922 540 1021 624 ipsas
1034 581 1044 616 ,
1067 561 1162 627 quas
1196 543 1300 608 cole·

258 675 342 720 rem
371 660 497 717 atrurn
524 645 803 735 producerein
831 644 1084 728 Aethiopibus
1106 665 1192 709 eum
1215 666 1304 729 pro.

215 749 224 797 ἶ
254 757 465 823 habilitate
487 758 684 818 statuunt:
701 749 843 813 etenim
863 747 1038 812 internae
1057 749 1196 814 adsunt
1218 771 1305 816 cau-

257 883 348 940 sae,
371 879 468 954 quae
490 851 693 920 carbon'ici
710 840 871 936 oxydati
898 857 936 914 et
956 851 1191 936 hydrogenii
1221 874 1304 918 car·

172 962 176 982 “
256 966 389 1030 bonici
408 964 558 1047 copiam
577 964 741 1044 augent,
763 957 955 1042 siquidem
982 957 1075 1021 odor
1093 960 1306 1044 singularis

257 1067 464 1131 materiem
485 1063 779 1148 perspirabilem
800 1061 1001 1144 inquinet,
1021 1061 1181 1148 ipsaque
1204 1062 1305 1128 cutis

256 1174 437 1245 mollior,
462 1176 596 1233 tenera
617 1172 654 1230 et
678 1167 808 1229 oleosa
828 1165 870 1227 in
890 1164 1083 1248 plerisque
1111 1165 1306 1230 Africanis

260 1276 440 1359 gentibus
460 1275 711 1353 observatum
726 1272 812 1353 plus
833 1267 951 1333 etiam
975 1271 1191 1344 sudant,ut
1212 1273 1307 1336 adeo

261 1379 395 1442 omnia
423 1378 521 1442 eutis
553 1383 677 1442 strata
708 1376 895 1440 crassiora
925 1373 1025 1453 sint5
1047 1375 1212 1461 denique
1247 1378 1307 1442 di·

261 1469 353 1544 cunt
394 1482 622 1566 sanguinem
662 1479 790 1563 ipsum
820 1479 862 1543 in
892 1478 954 1540 his
991 1480 1144 1560 populis
1183 1483 1309 1564 magis

262 1590 391 1648 atrurn
414 1591 452 1648 et
472 1585 592 1648 bilem
613 1583 767 1668 nigram
786 1603 867 1645 esse
887 1579 943 1664 a).
966 1581 1109 1670 Populi
1125 1583 1213 1647 dein
1233 1585 1308 1660 illi,

262 1688 329 1772 qui
352 1687 560 1758 admodum
588 1686 798 1772 pinguibus
829 1691 992 1768 utuntur
1015 1687 1134 1765 cibis,
1155 1691 1308 1754 fuscum

197 1787 200 1794 ’
261 1791 409 1856 habent
429 1793 618 1882 colorem
640 1791 804 1877 denique
826 1789 1063 1854 obscuriores
1093 1793 1308 1856 universim

213 1919 215 1928 s
246 1912 346 1958 „esse
362 1896 489 1958 solent
512 1895 609 1959 cutis
635 1898 788 1984 partes,
818 1910 913 1976 quae
944 1893 1148 1957 carbonico
1180 1901 1217 1958 et
1235 1897 1309 1982 hy-

263 1995 472 2080 drogenio,
492 2018 556 2060 seu
578 2016 691 2060 muco
712 1997 839 2059 oleoso
853 2035 864 2069 ,
877 1996 1094 2072 abundant,
1123 2005 1166 2061 ut
1186 2019 1312 2062 marn·

263 2119 417 2163 marum
449 2103 578 2164 areola
607 2105 646 2162 et
678 2097 869 2162 abdomen
900 2100 1155 2184 quarumdam
1177 2101 1312 2186 graui·

263 2199 401 2284 darum
421 2201 482 2286 b).
1168 2222 1172 2234 ·

249 2375 273 2402 -“
346 2357 663 2450 i'otentissimam
685 2366 814 2426 autern
831 2353 1050 2446 'nigredinis
1072 2381 1226 2426 causam
1247 2384 1311 2428 ra-

265 2464 324 2528 dii
346 2460 499 2524 'solares
531 2457 740 2527 efficiunt:
768 2485 935 2550 namque
978 2470 1122 2528 certum
1155 2472 1234 2540 est,
1266 2487 1311 2529 eo

265 2565 498 2630 albidiorem
524 2583 602 2626 esse
622 2564 855 2648 populorum
877 2569 1067 2641 colorem,
1091 2553 1165 2652 quo
1200 2569 1313 2651 frigi-

265 2668 417 2733 diorem
452 2665 628 2730 incolunt
659 2668 886 2752 regionem,
917 2676 1032 2756 atque
1070 2672 1314 2755 nigredinem

268 2773 367 2838 cutis
388 2791 432 2834 ea
452 2772 666 2833 increscere
685 2775 935 2857 proportione
947 2817 956 2850 ,
971 2797 1045 2862 qua
1066 2778 1163 2839 caeli
1186 2777 1314 2862 major

267 2874 389 2940 fuerit
414 2876 553 2935 aestus.
576 2873 637 2934 Ita
656 2874 775 2937 etiarn
788 2875 835 2938 fit
848 2881 890 2940 ut
904 2877 1021 2940 sanies
1044 2878 1189 2941 aestivo
1212 2883 1314 2942 tem·

267 2970 381 3064 bore,
403 2981 535 3040 nostro
559 2995 709 3061 quoque
734 2980 913 3054 climate„
934 2980 1038 3043 flava
1066 2983 1249 3046 reddatur
1273 2989 1313 3047 et

267 3087 406 3157 fusca,
443 3082 661 3166 iteratoque
689 3083 879 3166 ‘pallescat
919 3107 986 3170 per
1015 3091 1208 3169 hyemem.
1251 3092 1313 3154 Sic

269 3208 419 3275 quoque
442 3185 605 3259 accidit,
627 3192 670 3250 ut
689 3191 901 3272 Europaei,
929 3191 994 3276 qui
1016 3193 1079 3255 diu
1103 3193 1324 3258 intra=tro-.
1352 3197 1356 3200 ’

268 3293 376 3376 pices
411 3291 612 3362 vixerunt,
633 3291 801 3368 maxime
833 3292 984 3376 ii‚¹qui
1017 3293 1073 3358 ibi
1105 3297 1190 3360 neti
1220 3304 1314 3362 sunt

270 3394 530 3481 (Creoli),
550 3396 699 3459 fuscum
733 3395 930 3477 accipiant
961 3373 1159 3474 colorem,'
1179 3420 1265 3462 cum
1294 3423 1315 3464 e

271 3507 405 3566 contra
436 3501 604 3564 feminae
653 3501 874 3578 Asiaticae,
900 3506 1103 3588 gynaeceis
1131 3509 1316 3580 reclusae,

271 3611 311 3670 et
333 3605 380 3667 ab
402 3604 508 3665 omni
531 3603 726 3702 cohibitae
748 3605 988 3686 apricatione
1003 3652 1012 3681 ,
1027 3609 1138 3672 albae
1159 3611 1239 3674 sint
1260 3613 1316 3698 c).

271 3714 409 3800 Negari
438 3719 570 3777 tamen
599 3733 675 3776 non
705 3721 856 3795 potest,
891 3718 932 3781 in
962 3721 1153 3784 coloribus
1188 3721 1318 3786 homi-

269 3835 364 3882 num
394 3812 590 3895 congeniti
621 3815 772 3900 aliurn
801 3817 943 3891 inesse,
969 3819 1160 3904 siquidem
1188 3822 1319 3886 varie·

271 3921 373 3980 tates
404 3915 599 4003 diversae,
620 3923 663 3980 ut
694 3919 866 3999 superius
887 3921 1079 4011 vidimus,
1101 3923 1190 4008 aliis
1220 3943 1318 4007 quo-

272 4041 345 4106 que
363 4040 442 4082 sese
463 4016 705 4102 distinguant
731 4024 905 4105 partium
926 4005 1172 4090 differentiis.
1197 4027 1318 4092 Notae

173 4145 180 4162 '¹
272 4131 470 4212 praeterea
494 4129 584 4186 sunt
614 4125 921 4202 observationem,
941 4131 1098 4194 miserm
1121 4109 1231 4195 reddi
1265 4154 1318 4196 ¹0·

272 4231 416 4304 loram,
446 4228 512 4290 ubi
532 4232 737 4311 parentum
759 4251 856 4296 uuus
880 4235 1011 4320 niger,
1025 4243 1061 4300 ei
1082 4238 1191 4301 albus
1217 4239 1317 4308 alter
