2920 4998
216 439 218 446 ·
248 345 253 359 ⁸
287 414 349 482 ¹72
369 398 454 466 Lrs.
465 393 511 463 11.
525 397 612 464 car.
629 353 690 462 lll.
714 397 904 462 Ircrrsu.
922 382 1107 484 'sacrun
1127 351 1285 464 rursm.

286 553 438 613 nentur.
462 542 666 608 Concitant
690 543 822 628 itaque
844 542 949 606 cibus
972 547 1010 605 et
1028 549 1138 626 potus
1161 549 1336 628 systema

175 633 179 642 ¹
248 713 250 722 ,
288 651 519 716 arteriosur'n
541 652 802 710 et-nervosum
825 642 865 709 in
894 665 991 710 cavo
1015 649 1119 720 oris,
1141 667 1215 732 quo
1241 651 1335 713 sali.

285 775 357 818 vae
380 757 417 816 et
438 752 610 844 aliorum
626 750 705 834 ejus
728 749 812 812 cavi
842 751 1049 813 humorum
1083 760 1343 836 promovetur,

168 861 198 903 .·
284 855 603 938 ,er-,retinetque
632 851 758 936 ipsum
793 851 1130 936 etiemcerebrale
1163 865 1336 942 systema
1435 922 1441 933 ,

182 971 184 974 ’
285 961 486 1046 incitatur·
529 960 572 1020 In
601 957 862 1020 ventriculum
898 955 1042 1033 delati,
1069 959 1111 1024 id
1139 981 1337 1044 organon,

284 1069 324 1127 et
364 1082 496 1125 omnes
525 1064 681 1142 partes,
718 1078 814 1142 quae
846 1078 932 1122 cum
963 1079 1005 1124 eo
1037 1061 1078 1124 in
1114 1083 1212 1126 nexu
1252 1065 1335 1126 exi·

284 1170 419 1242 stunt,
440 1157 710 1225 differentibus
731 1159 988 1244 qualitatihus
1014 1163 1092 1226 suis
1117 1165 1338 1240 stimulant,

184 1329 186 1334 ,
284 1267 403 1354 inque
432 1263 594 1328 vitalem
622 1264 836 1344 provocant
866 1263 1086 1342 actionem,
1108 1283 1180 1349 quo
1211 1262 1337 1328 ellici-

286 1375 374 1445 tur,
394 1373 439 1431 ut
455 1360 639 1446 adsumta
658 1365 844 1427 alimenta
865 1383 933 1428 sua
953 1371 1150 1431 mutentur
1169 1372 1333 1444 natura,

284 1479 327 1540 et
345 1479 455 1558 parte
479 1471 613 1556 aliqua
634 1469 674 1531 in
701 1469 901 1530 humorem
935 1465 1159 1554 (chylum)
1183 1479 1335 1540 muten-

286 1583 376 1654 tur,
395 1575 464 1663 qui
483 1573 642 1638 idoneos
663 1570 728 1635 sit¹
746 1562 988 1653 recipiendae
1008 1572 1205 1662 ulterioris
1235 1575 1338 1641 adsi·

287 1679 528 1754 miletionis,
548 1681 658 1759 parte
687 1676 835 1753 altera,
861 1681 994 1761 utpote
1017 1674 1146 1740 minus
1173 1679 1336 1757 idonea,
1443 1667 1444 1738 ζ

202 1839 209 1853 ,
284 1782 495 1869 pervarias
517 1775 749 1844 exorationes
772 1798 790 1841 e
812 1798 968 1860 corpore
989 1775 1241 1842 eliminanda.
1263 1781 1336 1844 De·

287 1888 389 1952 latus
409 1883 451 1949 in
473 1900 641 1946 massam
662 1878 860 1964 sanguinis
879 1882 1019 1944 humor
1039 1881 1249 1964 nutritius,
1270 1904 1336 1968 sy·

211 2033 212 2040 κ
286 1969 410 2058 stema
437 2008 618 2054 vasorum
636 1986 956 2068 sanguilerorum
981 1993 1017 2050 et
1042 1983 1336 2072 glandulas'se·

287 2098 482 2160 cernentes
507 2090 558 2174 (t.
583 2091 675 2175 197.)
703 2087 948 2162 exstimulat,
970 2108 1110 2176 suaque
1135 2089 1336 2154 differente

211 2227 213 2236 ¹
287 2203 430 2264 natura
459 2193 772 2265 ad‘reactionem
802 2197 1011 2275 provocat,
1034 2211 1108 2277 qua
1137 2212 1334 2275 processus

260 2296 617 2366 ,chemicowitalis
638 2296 678 2361 in
697 2295 849 2381 organis
871 2297 1153 2378 reprodu'ctivis
1175 2301 1360 2374 susciten

165 2473 170 2486 ,
285 2409 373 2474 tur,
396 2404 554 2484 ipseque
588 2400 723 2485 chylus
755 2401 796 2463 in
812 2395 952 2464 'verum
983 2407 1157 2464 mutatur
1181 2403 1337 2485 sangui·

288 2525 398 2579 nem,
422 2501 568 2566 talibus
597 2502 816 2584 praeditum
839 2502 1166 2586 proprietatibus,
1188 2510 1231 2569 ut
1262 2506 1336 2568 mi·

288 2609 457 2676 ationem
481 2604 699 2693 organicam
715 2599 938 2674 cdnservare
949 2617 962 2684 ,'
975 2616 1012 2675 et
1031 2612 1172 2676 vitales
1186 2617 1335 2678 restau-

288 2733 375 2778 rare
394 2712 525 2775 valeat
549 2709 666 2775 vires.
1080 2719 1083 2724 ’

372 2837 465 2900 Cum
484 2833 566 2900 sine
586 2833 783 2906 alimentis
799 2834 884 2899 vita
907 2835 1115 2902 individua
1135 2860 1336 2904 conserva·

204 2963 216 2978 ‘
288 2937 325 3004 ri
342 2937 448 3002 haud
470 2938 614 3023 possit,
637 2945 675 3003 et
695 2939 774 3002 ista
798 2938 845 3003 ad
864 2938 1002 3006 vitales
1026 2944 1243 3008 referuntur
1264 2943 1335 3007 sti·

82 3131 83 3138 ἵ
168 3033 173 3048 ’
289 3041 426 3108 mulos.
458 3039 633 3107 Videmus
654 3043 746 3106 hinc
763 3049 978 3125 prostratas
1002 3047 1203 3134 utriusque
1226 3050 1335 3112 vitea

288 3147 389 3210 vires
410 3165 433 3208 a
457 3153 587 3209 sumto
619 3151 714 3230 potu
746 3151 783 3210 et
814 3147 922 3222 cibo,
943 3144 1056 3212 modo
1087 3149 1274 3233 qualilate
1296 3157 1333 3216 et

288 3249 509 3340 quantitate
529 3247 757 3314 individuae
778 3252 1034 3335 respondeant
1057 3257 1242 3328 naturae,
1262 3253 1333 3318 mi-

288 3379 334 3424 ra
352 3355 504 3422 ratione
524 3352 644 3420 refici.
668 3357 754 3438 Ipsa
781 3343 908 3420 autem
927 3356 1066 3422 horum
1085 3357 1332 3422 stimulorum

289 3459 391 3525 actio
405 3503 417 3536 ,
433 3478 537 3543 ¹quae
566 3460 793 3524 mechanica
821 3479 968 3546 quoque
992 3468 1071 3536 est,
1096 3462 1267 3526 chemise
1296 3467 1333 3527 et

289 3561 519 3647 dynamica,
538 3572 608 3646 pro
629 3565 817 3648 qualitate
848 3584 978 3627 eorum
999 3564 1151 3630 diversa
1172 3561 1212 3651 (ς
1243 3566 1334 3654 70.)‚

290 3673 329 3732 et
350 3686 420 3750 pro
439 3666 608 3731 relativa
628 3665 919 3733 individuorum
941 3670 1161 3745 conditione
1184 3671 1230 3756 (§.
1244 3674 1334 3758 η),

249 3784 253 3799 ’
289 3778 334 3836 ut
361 3794 384 3834 -e
409 3769 635 3853 praemissis
668 3773 927 3858 intelligitur,
959 3769 1068 3837 varia
1098 3795 1177 3839 esse
1209 3774 1333 3839 debet.
1362 3799 1368 3809 “

290 3879 385 3944 Cum
413 3880 614 3959 praeterea
642 3866 765 3956 a‘etas,
787 3897 919 3956 sexus,
942 3878 1078 3956 olima,
1098 3881 1204 3974 ⁴anni
1232 3885 1331 3944 tem-

289 3997 362 4063 pus
377 4018 388 4053 ,
405 3979 510 4043 vitae
543 3979 739 4057 conditio,
770 3980 1009 4060 adsuetudo,
1032 3985 1198 4058 sanitas,
1231 4003 1330 4049 mor·

290 4081 362 4148 bus
392 4088 429 4146 et
460 4083 671 4164 peculiares
710 4085 1012 4172 idiosyncrasiae
1043 4087 1119 4152 cibi
1149 4095 1188 4153 et
1218 4085 1331 4173 potu‘s
1441 4081 1442 4086 ’

288 4184 549 4260 determinent
561 4187 791 4253 relationem
803 4238 812 4266 ,
826 4188 953 4254 nullae
975 4190 1020 4256 de
1032 4192 1093 4258 his
1110 4193 1230 4258 statui
1245 4211 1330 4275 pos·

288 4295 399 4368 cunt,
422 4293 465 4358 in
482 4293 590 4360 omni
611 4311 698 4356 casu
718 4295 932 4368 valiturae,
956 4293 1186 4399 diaeteticae
1215 4298 1329 4380 leges.

1186 4408 1240 4503 j.
1256 4409 1326 4473 218·
