2920 4998
173 473 178 484 .
214 425 328 490 seer.
345 421 421 487 vll.
434 421 501 486 Dr·
516 431 754 487 srsrrnsrr
774 399 1076 490 etennensium.
1114 441 1178 505 ms

136 609 140 616 .
177 593 181 606 ·
201 611 206 619 .
232 571 274 637 ⁴)
289 547 465 622 BlGHAT'S
483 567 553 639 ellg.
571 567 661 624 beet.
676 565 715 628 11.
731 531 758 622 a.
774 583 806 642 p.
826 583 885 637 ¹¹90
901 583 947 640 eq.

146 699 151 711 ¹
241 676 295 744 tt)
311 673 405 731 Elem.
420 673 506 747 phys.
523 671 560 730 ll.
578 691 608 748 p.
628 673 692 746 θη.

520 911 527 923 ,
593 853 622 926 5.
665 865 737 914 201.
787 889 791 906 .

308 1003 553 1102 Evolutio
577 1039 624 1098 et
654 1031 1036 1126 repr-eductio·-

218 1163 301 1229 Etsi
330 1164 454 1230 multo
478 1162 606 1226 minor
636 1159 742 1244 apud
772 1162 1023 1250 embryonem
1049 1168 1191 1253 rigeat·

137 1265 180 1330 in
206 1273 424 1353 systemate
453 1263 681 1350 glandulose
708 1266 886 1350 energia,
909 1289 1024 1355 quam
1049 1277 1181 1356 aetate

139 1368 353 1445 adultiora,
375 1368 582 1453 glandulae
603 1373 735 1432 temen
752 1370 886 1434 variae
908 1373 1075 1440 multum
1094 1395 1181 1440 evo,

136 1476 242 1559 lutae
254 1517 265 1552 ,
289 1482 326 1540 et
346 1478 469 1540 relate
488 1469 544 1539 ad'
558 1473 727 1556 corporis
747 1474 868 1538 totius
890 1477 1069 1542 volumen
1098 1499 1181 1544 rna·
1230 1521 1259 1574 ,ι

136 1579 229 1662 ioris
249 1585 338 1644 sunt
359 1577 492 1651 molis,
515 1597 558 1642 ac
581 1577 621 1640 in
643 1575 802 1640 homine
824 1576 1181 1651 adultoecernirnue
1247 1627 1250 1635 .

136 1682 180 1748 id
199 1682 241 1746 in
263 1680 456 1766 glandulis
477 1677 730 1756 salivalibus,
752 1679 795 1742 in
812 1688 1040 1764 pancreete,
1064 1686 1105 1756 in
1122 1708 1182 1751 re·

136 1789 275 1862 nibus,
307 1787 423 1871 inque
458 1787 618 1868 hepate,
641 1784 854 1848 maximam
890 1787 977 1852 cavi
1006 1787 1183 1856 abdomi·
1224 1835 1234 1856 .

135 1893 238 1958 nalis
257 1897 408 1975 partem
428 1895 650 1973 occupante.
672 1893 822 1958 Tenere
841 1899 973 1960 tamen
984 1896 1057 1960 hae
1077 1903 1183 1966 aeta·

136 2001 175 2058 te
204 1992 566 2077 glandularumteet
592 1992 766 2073 labrica3
790 1995 954 2080 copiosis
978 2003 1183 2081 per-texun-

139 2103 202 2160 tur
230 2097 346 2160 uasis
378 2095 643 2182 sanguiferis,
676 2095 778 2176 unde
822 2100 1026 2187 pleraeque
1060 2100 1184 2184 magis
1238 2177 1242 2192 ‚

138 2198 259 2262 etiam
282 2199 442 2264 rubent.
474 2199 628 2264 Habent
654 2202 867 2267 nonnullae
900 2203 1020 2270 aliam
1034 2247 1045 2281 ,
1068 2222 1184 2289 quam

137 2303 186 2368 in·
201 2301 461 2367 adultioribus
484 2303 739 2377 structuram,
760 2309 803 2370 ut
833 2304 875 2369 in
895 2303 1051 2372 renibus
1074 2306 1193 2377 vide-1

138 2427 178 2470 re
200 2413 278 2482 est,
302 2407 367 2490 qui
399 2405 512 2470 modo
536 2406 713 2489 pluribus
741 2411 921 2474 constent
949 2411 1183 2489 tuberculis,

137 2512 181 2577 in
203 2513 479 2596 hemogeneem
502 2531 669 2578 massam
696 2511 861 2577 subinde
889 2515 1182 2583 confluentibus.

137 2617 372 2683 sacrationes
403 2623 538 2680 tamen
575 2615 700 2679 multb
736 2618 884 2682 minori
918 2639 1004 2684 cum
1028 2621 1185 2706 energia

137 2718 210 2782 hoc
231 2716 441 2800 procedunt
462 2723 636 2800 tempore
649 2761 659 2794 ,
682 2722 719 2781 et
742 2717 898 2803 quidem
917 2719 1185 2804 ob·triplicem
1243 2720 1248 2728 ’

137 2819 254 2884 facile
274 2838 452 2884 eausam:
485 2818 593 2884 deest
619 2819 761 2904 quippe
791 2820 949 2904 sanguis
971 2821 1182 2906 oxy'datus,

139 2930 179 2990 et
205 2921 389 2998 materia,
409 2941 504 3010 quae
535 2915 783 3005 embryonipa
803 2927 929 2986 nistre
961 2923 1183 3006 suppedita-

137 3035 225 3103 tur,
247 3027 446 3112 pauciores
478 3009 649 3089 dontinet
676 3025 909 3106 particulas,
930 3027 977 3089 ab
1001 3028 1183 3111 organico

140 3133 298 3217 'corpore
318 3129 561 3204 differentes,
582 3144 697 3213 quam
716 3127 829 3211 illae,
851 3149 946 3215 quae
964 3149 1032 3212 per
1054 3129 1204 3204 cibum,

140 3245 179 3306 et
202 3245 336 3322 potum
347 3261 361 3311 ,¹
381 3241 418 3300 et
437 3254 502 3318 per
532 3235 616 3298 vias
640 3233 736 3297 alias
758 3253 781 3296 a
799 3231 1009 3298 nativitate
1031 3233 1071 3298 in
1097 3255 1182 3298 cor-

141 3366 210 3430 pus
243 3343 496 3418 deferentem
530 3339 693 3426 denique
734 3358 929 3420 processus
961 3338 1181 3424 organicus,

142 3450 210 3536 qui
249 3451 377 3534 prima
413 3446 518 3510 vitae
547 3441 716 3528 periodo·
746 3443 1011 3509 construendis
1052 3446 1182 3528 potius

141 3569 258 3636 quam
281 3545 521 3614 destruendis
549 3546 726 3629 partibus
760 3543 1001 3620 intenditur,
1022 3547 1087 3609 vix
1108 3547 1181 3609 ali·

142 3673 259 3740 quam
286 3653 472 3739 relinquit
502 3649 729 3723 materiem,
748 3668 818 3732 pro
852 3650 983 3713 usibus
1017 3651 1181 3716 internis

141 3775 238 3820 non.
260 3753 594 3819 adcommodatum
619 3798 630 3831 ,
659 3771 753 3838 eque
789 3771 944 3832 corpore
976 3742 1181 3816 eliminan-

142 3857 230 3922 dam
254 3859 309 3948 *).
331 3839 486 3923 Accedit
507 3850 725 3941 praeterea,
743 3854 844 3940 quod
862 3855 1012 3919 stimuli
1038 3857 1180 3933 desint,

142 3961 370 4026 sacrationes
389 3960 640 4033 suscitantes,
663 3966 701 4023 et
721 3959 913 4042 plurimae
935 3949 1097 4022 necdum
1120 3962 1190 4024 vi·-

142 4069 258 4150 geant
276 4053 515 4141 functiones,
536 4068 698 4128 secretos
716 4063 895 4128 humores
924 4070 1179 4146 exposcentes.
1250 4149 1252 4155 y

226 4177 403 4288 Evigilat
418 4227 440 4270 a
470 4170 680 4310 nativitate
708 4202 980 4289 glandularum
1002 4173 1193 4290 energia,

142 4306 328 4372 suscitata
347 4327 414 4392 per
436 4310 662 4395 sanguinem
683 4309 896 4395 oxydatum
906 4351 918 4386 ,
939 4329 1079 4395 perque
1109 4308 1181 4372 sti·
1261 4405 1265 4414 ‚
