2904 5004
244 406 353 472 Ss‘or·
375 403 432 470 lv.
454 403 512 492 Du
529 391 992 469 srsrsmsr'u'vnsonuu.
1100 418 1160 486 153

8 547 10 550 ’
116 576 178 619 res
217 554 460 630 subeunt,e
494 551 660 638 quibus
666 549 888 626 abdominis
921 557 958 614 et
987 549 1158 614 thoracis

115 638 321 742 penetrant
344 678 451 720 cava.
484 659 526 720 ln
551 663 687 720 trunco
704 653 882 734 corporis
911 655 1017 718 infra
1039 653 1160 716 cutim
1228 650 1232 660 ’

96 759 262 844 p'ariter
280 763 529 844 proserpunt,
542 763 580 822 et
601 759 811 822 decurrunt
829 757 936 821 alia
926 779 967 822 sn
981 757 1161 821 celluloso

113 867 246 937 textu,
265 863 331 948 qui
352 863 457 926 intra
478 879 659 925 cavarum
682 859 849 943 parietes
871 863 908 922 et
928 879 1073 922 serosas
1097 863 1160 920 tu·

114 967 223 1030 nicae
246 966 389 1030 existit.
423 965 575 1030 Viscera
596 983 777 1050 cavorum
794 963 965 1054 ¹istorum
996 959 1158 1047 superfi-

114 1070 281 1134 cialibus
312 1069 492 1132 etiamst
524 1065 725 1152 profundis
748 1068 1019 1150 per-raptantur
1044 1064 1159 1148 ,lym-

116 1173 287 1256 phaticis
308 1172 436 1249 vasis,
459 1177 590 1258 estque
615 1171 746 1235 eadem
772 1167 976 1252 dispositio
1002 1166 1044 1234 in
1069 1183 1159 1232 cun-

113 1275 187 1338 ctis
207 1273 374 1358 corporis
390 1274 572 1358 partibus
596 1269 842 1340 advertenda.

197 1432 398 1500 Differunt
418 1433 511 1500 haec
531 1455 626 1497 vasa
646 1454 668 1498 a
687 1437 820 1509 venis,
842 1434 944 1521 quod
977 1435 1077 1498 rami
1097 1457 1159 1499 eo
1214 1455 1220 1468 ¹

8 1569 15 1590 ο
112 1557 202 1604 rum
222 1529 269 1601 in
293 1535 454 1620 majores
479 1535 582 1602 haud
603 1536 797 1602 confluant
826 1544 1002 1616 truncos,
1025 1561 1160 1606 verum
1231 1547 1278 1624 ’,

114 1640 220 1705 idem
240 1641 319 1705 fere
336 1645 487 1703 servent
512 1641 666 1714 lumen,
694 1659 900 1705 numerosa
918 1648 955 1706 et
980 1643 1160 1708 reticula-

114 1749 159 1807 ta
188 1741 461 1808 distributione
485 1741 700 1806 voluminis
733 1744 924 1810 defectum
950 1745 1160 1810 resactien-

113 1854 192 1925 ten
210 1845 507 1931 progrediuntur
542 1829 898 1930 etiam'rectilinea
928 1846 1161 1931 directione,

115 1953 155 2014 at
177 1949 210 2013 si
231 1948 457 2022 flectantur,
472 1946 634 2031 majores
659 1947 883 2014 describunt
910 1969 1040 2026 arcus,
1061 1971 1161 2026 nun·
1215 2027 1218 2036 Ι

117 2071 234 2138 quam
252 2057 384 2115 tamen
404 2050 563 2135 angulos
586 2047 807 2115 efformant.
830 2051 940 2116 Patet
961 2053 1076 2129 hinc,
1099 2075 1161 2119 ar·
1236 2111 1241 2118 .

115 2153 224 2218 boris
245 2153 411 2248 formam
429 2194 439 2227 ‚
462 2171 558 2238 quae
588 2148 629 2217 in
658 2153 767 2220 venis
799 2147 1017 2222 et'arteriis
1040 2155 1162 2232 cerni·
1251 2220 1255 2234 ,

8 2259 10 2270 “
114 2257 262 2331 tanin
286 2256 527 2344 lymphatico
549 2257 759 2334 desiderari
792 2247 1014 2343 systemate.
1047 2259 1165 2322 Abest
1216 2326 1220 2334 ,

118 2361 239 2426 etiam
261 2361 307 2424 ab
339 2359 400 2426 his
424 2361 527 2426 vasis
559 2358 742 2425 diametri
773 2361 1014 2436 constantia,
1046 2360 1163 2436 adeo,

115 2467 164 2528 ut
183 2465 310 2528 forma
328 2463 540 2550 cylindrica
558 2463 601 2527 in
622 2460 826 2548 permultis
848 2448 1084 2536 desideretur
1102 2484 1164 2526 ra·

118 2567 216 2642 mis,
248 2565 430 2649 idemque
453 2587 518 2631 vas
549 2564 628 2649 jam
663 2570 979 2648 coangustatum,
1015 2567 1093 2651 jam
1121 2565 1163 2630 in
1212 2563 1215 2572 “

115 2669 279 2738 nodulos
300 2669 428 2733 varios
450 2687 658 2752 expansum
677 2669 822 2736 videas.
876 2697 880 2704 ·

202 2833 484 2901 Omnie'totius
516 2835 687 2925 torporis
715 2834 965 2912 absorbentia
996 2823 1104 2900 vasa'
1121 2835 1163 2898 in

117 2937 214 3002 duos
253 2937 449 3022 confluunt
478 2937 716 3021 ⁴principales
755 2942 938 3008 truncos:
972 2938 1164 3001 Ductus

67 3109 77 3122 .
118 3040 431 3122 thoracicus
470 3039 512 3104 in
550 3040 758 3104 abdomine
798 3039 899 3105 circa
940 3031 1164 3106 vertebram

119 3144 342 3215 lumborum
359 3143 542 3216 tertiam,
561 3149 645 3226 post
677 3149 849 3220 sertam,
873 3144 1164 3229 aliquantulum

114 3249 290 3316 dextram
312 3265 463 3325 versus3
485 3250 678 3335 originem
698 3249 830 3315 sumit.
854 3249 1033 3316 Adsumit
1046 3250 1078 3313 is
1091 3249 1163 3312 du«

120 3358 226 3430 otus,
258 3352 323 3438 qui
352 3352 570 3418 sinister
599 3351 765 3429 dicitur,
786 3373 882 3417 vasa
913 3350 1165 3416 absorbentia

117 3455 410 3520 extremitatum
440 3455 691 3534 inferiorum,
711 3449 882 3538 partium
904 3447 1164 3537 genitalium,
1256 3439 1258 3444 ¹

111 3557 266 3642 pelveos
278 3598 289 3632 ,
301 3559 518 3622 lumborum
531 3554 818 3644 ‚plerorumque
835 3557 1028 3644 viseerum
1042 3555 1158 3621 abde·

121 3659 362 3736 minalium,
410 3659 766 3752 integumentorum
818 3660 1041 3726 abdominis
1090 3679 1161 3742 pro

114 3763 251 3846 aliqua
278 3767 409 3846 parte,
435 3763 569 3827 lateris
599 3765 751 3831 sinistri
783 3764 975 3839 thoracis,
1003 3762 1094 3828 colli
1126 3765 1165 3826 et

115 3864 268 3948 capitis.
300 3867 352 3934 Ea
376 3887 486 3950 pars,
506 3886 603 3953 quae
629 3869 676 3932 in
705 3866 912 3942 abdomine
942 3867 1161 3940 delitescit,

113 3969 1162 4055 receptaculumchyli-seucisternalum·⁴
1240 4009 1243 4018 ·

111 4067 257 4140 baris
276 4066 406 4149 dicta,
434 4069 475 4134 in
497 4069 632 4160 bestiis
660 4073 813 4158 reliqua
842 4073 1028 4154 portione
1058 4091 1160 4135 cras-

113 4170 191 4235 s'ior
221 4193 300 4237 esse
329 4175 450 4255 solet;
473 4173 515 4242 in
544 4174 703 4242 homine
734 4173 1160 4258 autem‘inconstantir.

112 4281 170 4344 est
182 4274 364 4354 diametri
382 4277 602 4352 tharacicus
621 4280 778 4361 ductus,
791 4280 884 4346 odeo
898 4322 909 4361 ,
922 4285 968 4347 ut
982 4280 1063 4367 jam
1074 4279 1164 4364 plus
1220 4362 1222 4368 Ι
