2904 5004
197 389 198 398 ἵ
225 391 334 480 Sues.
352 413 399 480 Il.
422 415 481 480 Du
504 391 741 482 srsrrn'srs
764 427 1118 484 namuelitarum.
1146 395 1189 502 85'

140 549 461 644 hydrocele,'nbi
492 557 762 642 peritonaeum
797 564 835 624 et
859 561 1054 646 vaginulis
1085 564 1191 628 tuni·

142 683 212 737 ca,
232 662 406 727 vacuatis
436 681 504 744 per
533 663 800 745 paracentesin
832 665 962 751 aquis,
985 685 1072 730 mox
1104 687 1193 732 con·

142 765 368 830 trahuntur.
400 765 599 830 Amittunt
622 761 753 828 autem
777 767 850 832 hae
880 769 1034 832 tunicae
1061 771 1193 836 elasti·
1211 804 1216 832 a

105 939 114 954 x
143 871 305 935 citatem
326 889 456 948 suam,
476 837 555 934 ubi
562 871 733 954 longiori
761 877 934 960 tempore
958 880 996 937 et
1017 853 1194 960 ¹frequen·

141 976 231 1042 tius
245 974 498 1049 diducuntur,
523 973 642 1050 adeo,
661 980 705 1038 ut
726 975 994 1058 peritonaeum
1016 985 1103 1061 post
1122 979 1217 1044 ite·-

142 1085 273 1144 ratam
295 1079 606 1164 graviditatem
604 1099 685 1144 non
715 1081 881 1178 emplius
905 1081 953 1144 ad
981 1083 1219 1194 pristinum

144 1186 350 1250 reducatur
370 1184 576 1262 volumen,
594 1185 798 1270 ipsumque
831 1186 1022 1258 abdomen
1043 1162 1229 1281 ,pendu-
1281 1166 1305 1209 ·’

140 1291 227 1356 lum
247 1288 442 1407 reddatur

112 1460 119 1492 l
226 1435 375 1498 Desunt
404 1455 531 1500 ses-oso
564 1422 689 1498 textui
716 1435 1017 1504 sensibilitas'et
1040 1445 1194 1506 contre-

139 1538 295 1602 'ctilitas
316 1536 522 1620 animalis,
546 1542 780 1621 possuntque
812 1541 1065 1606 memb'rb'nee
1096 1545 1195 1609 istae

140 1645 195 1708 in.
215 1640 386 1706 normali
416 1644 522 1704 statu
559 1641 814 1713 mechanicis·
827 1633 864 1705 et
899 1637 1082 1711 chemicis
1113 1647 1195 1712 sine

143 1751 254 1815 omni
275 1750 409 1816 dolore
430 1751 581 1814 irritari
602 1749 785 1815 stimulis.
816 1733 946 1812 Facile
971 1755 1102 1814 autem
1132 1771 1196 1836 sy·

144 1859 271 1918 stema
295 1852 444 1930 isthoc,
467 1875 490 1916 a
518 1853 734 1917 levioribus
760 1851 880 1940 etiam
912 1851 1104 1927 stimulis,
1135 1854 1197 1927 in·

147 1955 378 2043 flammatur
396 2000 406 2033 ,
439 1953 538 2020 unde
571 1957 695 2041 magis
727 1954 912 2019 sensibile
941 1955 1119 2020 redditur
1155 1977 1198 2024 oo

146 2061 274 2143 ipsum
313 2067 520 2125 cutaneum
548 2061 730 2146 systema.
765 2055 856 2122 Inde
879 2075 966 2142 ergo
993 2064 1070 2133 est,
1094 2058 1196 2144 quod

142 2161 415 2249 peritonaeum
440 2164 487 2228 ab
508 2145 628 2227 effuso
660 2183 755 2256 pure
767 2202 777 2239 ,
799 2147 986 2248 sanguine
1015 2169 1087 2227 etc.
1114 2170 1198 2227 tam

144 2267 262 2332 facile
293 2267 560 2338 inflammetur
590 2273 628 2332 et
658 2273 831 2351 mortem·
856 2267 972 2333 toties
1007 2267 1197 2347 adducat3

146 2373 201 2438 sic
232 2373 350 2438 etiam
385 2373 451 2449 fit,
475 2381 519 2438 nt
544 2363 755 2449 intestina,
790 2374 943 2459 aliaque
974 2372 1197 2462 abdominis

147 2482 330 2542 contenta
342 2518 352 2553 ,
376 2498 508 2543 serora
529 2477 733 2561 superficie
754 2476 836 2544 a'e'ri
855 2467 924 2561 per
952 2484 1103 2562 tempus
1128 2499 1198 2551 ,er-

146 2580 297 2664 posita,
328 2579 508 2666 pthlogosi
552 2580 838 2674 corripiantur,
862 2598 952 2675 cum¹
987 2580 1197 2662 intestina,
1265 2569 1268 2580 ¹

146 2690 278 2748 uterus
305 2689 375 2748 etc.
393 2684 590 2768 prolapsa,
604 2691 642 2750 et
664 2705 818 2750 mucosa
846 2686 946 2750 facie
969 2685 1050 2750 etri
1072 2685 1197 2750 conti·

149 2807 247 2874 gua,
260 2807 327 2870 per
347 2790 508 2874 longum
520 2809 632 2873 saepe
654 2796 803 2872 tempus
828 2791 980 2854 intacta
1000 2797 1198 2862 maneant.

88 2975 93 2986 ι
148 2891 438 2956 Contrectilitas
463 2893 647 2974 organica
671 2892 941 2979 inconspicua,
957 2897 995 2956 et
1022 2894 1199 2993 liniare

149 2991 340 3075 spondens
369 2995 608 3092 sensibilitas
637 2995 896 3068 nutritionem
920 3001 960 3062 et
979 2995 1227 3061 exhalatio-¹

150 3115 240 3160 nem
255 3098 499 3182 systematis
540 3097 652 3161 istius
690 3098 941 3180 gubernant,
973 3103 1011 3165 et
1039 3098 1201 3180 ponitur

149 3199 277 3277 idem,
295 3201 436 3266 barum
459 3202 644 3267 vitalium
662 3199 817 3284 proprie
821 3207 947 3265 tatum
966 3221 1038 3284 ope
1049 3242 1059 3274 ,
1073 3202 1113 3265 in
1135 3223 1200 3286 pe·v

151 3305 314 3371 culiares
346 3325 432 3372 oum
445 3307 543 3371 aliis
574 3289 853 3392 systematibue
883 3303 1114 3368 relationes·
1145 3305 1200 3370 sic

87 3416 94 3435 ¹
148 3408 323 3473 accidere
356 3411 485 3484 solet,
498 3413 541 3472 ut
573 3407 764 3490 impedita
793 3407 891 3472 cutis
914 3408 1212 3493 exhalatione,

147 3513 213 3576 vel
243 3512 379 3576 urinae
409 3507 642 3586 secretione,
662 3497 810 3575 serdsae
835 3517 1066 3596 augeantur
1080 3513 1197 3590 erbe

150 3616 336 3681 lationes.
405 3677 420 3710 ,

258 3757 476 3829 &munaus
492 3757 562 3831 ellg.
579 3757 666 3828 Anat,
687 3757 726 3815 11.
746 3775 772 3822 s.
788 3778 818 3834 p.
837 3761 883 3828 dd.

578 3913 633 3989 '§.
678 3927 748 3991 130.
811 3956 814 3962 .

753 4017 761 4046 s

233 4120 239 4136 ,
321 4031 566 4168 Evolutiu
598 4075 647 4133 et
678 4067 1033 4153 reproductio.

236 4203 468 4278 Formantur
493 4228 641 4304 serosae
662 4209 816 4275 tunicae
836 4197 936 4293 apud
949 4189 1200 4298 embryonem

83 4391 95 4400 ³
143 4308 286 4373 ¹eodem
302 4329 405 4386 ,cum
434 4311 587 4394 organis
612 4309 697 4377 'suis
722 4319 927 4436 tempiumv
949 4321 1038 4380 sunt
1070 4321 1202 4380 autem
