2920 4998
282 413 389 476 secr.
415 409 455 473 V.
477 410 535 474 Du
555 415 790 474 sternuere
817 409 1019 508 naevos'o.
1128 415 1189 492 175

138 565 272 624 tamen
301 551 554 620 fermentatio
588 552 787 636 putridam
816 547 1188 638 praecedit'resolu·
1251 555 1253 563 '

128 665 312 738 tionem,
340 659 442 726 unde
471 659 648 724 caerulea
676 655 958 740 vegetabilium
987 655 1189 740 pigmenta
1268 693 1273 706 ·

137 787 161 830 a
184 768 447 830 fermentante
477 762 649 864 medulla
674 761 791 828 rubro
820 747 1026 846 tinguntur
1052 763 1191 826 colore.

138 871 233 932 Cum
254 887 357 952 aqua
373 865 472 930 trita
499 865 753 930 emulsionem
782 863 914 945 sistite
937 865 1111 947 coctione
1130 865 1190 930 in·

138 971 302 1036 duratur
326 977 363 1033 et
392 968 534 1052 accipit
563 967 735 1031 colorem
756 968 1053 1051 grisescentem‚
1076 985 1191 1054 quem

135 1075 292 1140 Blcuar
323 1071 365 1135 in
397 1070 570 1136 medulla
608 1067 824 1136 cerebri'et
854 1091 1062 1136 nervorum
1088 1071 1191 1154 apud

135 1171 316 1238 homines
337 1190 485 1260 quoque
513 1165 702 1252 advertit,
718 1171 894 1236 febribus
915 1173 1089 1238 nervosis
1107 1183 1191 1256 per.

138 1281 263 1340 emtos
297 1272 357 1360 b).
390 1269 541 1338 Alcalia
572 1272 786 1347 medullam
819 1275 1047 1370 resolvunt)
1078 1265 1190 1342 acida
1300 1331 1303 1340 .

136 1385 499 1458 verocoucentrata
518 1381 557 1442 et
578 1369 732 1443 alcohol
753 1373 837 1444 vini
859 1401 943 1446 eam
966 1384 1187 1466 coagulant,

135 1483 240 1548 unde
262 1473 455 1550 albumini
478 1479 530 1565 (ς.
555 1483 650 1572 loo.)
674 1480 818 1546 similis
847 1495 1019 1569 apparet.
1052 1491 1187 1560 oontia

135 1592 206 1652 net
228 1587 268 1650 id
291 1587 483 1654 medullae
504 1587 708 1666 albumen,
722 1589 972 1669 praevalente
994 1595 1188 1680 exygenio

136 1692 407 1776 congelatum,
441 1694 598 1754 natrum
631 1689 943 1774 phosphoricum·
973 1701 1011 1758 et
1043 1698 1189 1766 calcem

135 1787 736 1882 phosphoratam.'0xygenium
767 1794 810 1858 in
840 1795 1047 1861 medullari
1075 1819 1188 1884 prae.

135 1889 270 1964 valere
293 1895 512 1964 substantia
532 1897 734 1982 sequentia
768 1891 998 1964 ostendunt:
1017 1899 1185 1988 largitur·¹
1249 1951 1251 1963 ,

132 1993 211 2067 'sub
225 2005 488 2084 temperatura
508 1993 731 2084 so-gr.R.in
754 2007 943 2084 apparatu
965 2007 1186 2086 pneumati-

138 2107 336 2188 copae'rem
369 2101 521 2167 acidum
553 2093 822 2179 carbonicum3
841 2101 925 2166 abit
957 2103 999 2166 in
1021 2105 1186 2172 fermen-

136 2206 328 2272 tationem
353 2205 527 2284 acidam3
544 2223 622 2270 non
646 2205 889 2270 contrahitur
912 2213 935 2268 a
955 2207 1104 2285 calore,
1136 2209 1185 2275 ab

138 2310 316 2372 alcohole
339 2314 376 2373 et
396 2309 514 2374 acidis
546 2307 834 2385 concentra'tis‚
865 2324 998 2406 verum
1026 2311 1186 2378 indura-

137 2417 203 2476 tur
232 2412 382 2486 solum,
416 2416 703 2494 supersaturata
734 2409 845 2498 quasi
875 2413 1092 2496 exygeni03
1122 2418 1187 2484 de.

138 2518 257 2604 nique
277 2513 441 2579 solvitur
470 2513 659 2578 alcalibus
685 2517 723 2576 et
746 2513 843 2578 oleis
873 2512 1108 2598 pinguibus,
1128 2521 1188 2586 in.

87 2611 99 2636 ⁸
138 2620 446 2686 flammabilibus
468 2617 671 2702 principiis
693 2619 932 2686 scatentibus
946 2623 999 2710 c).
1022 2625 1087 2688 Est
1108 2645 1187 2690 me·

133 2717 248 2791 'dulia
277 2742 448 2799 nervea,
479 2728 522 2786 ut
550 2717 975 2790 Humholdtianis
1017 2731 1189 2796 maxime

137 2829 345 2894 didicimus
370 2824 667 2910 experimentis,
690 2823 861 2908 optimus
884 2823 1131 2897 Galvanismi
1147 2837 1186 2899 et

136 2930 407 2997 electricitatis
427 2928 658 3008 conduct0r3
675 2927 827 2992 amittit
857 2935 986 2994 autem
1010 2937 1185 3016 proprie.

137 3039 263 3100 tatem
292 3033 392 3098 hanc
420 3032 585 3097 siccatus
607 3048 773 3112 nervus,
795 3043 911 3116 quarn
940 3031 1186 3103 humectatus

137 3140 283 3204 iterum
303 3141 516 3220 recuperat.
600 3121 604 3128 ’

223 3294 331 3380 Quod
343 3295 481 3360 vitales
493 3277 950 3379 hujussystematisfacit
969 3284 1187 3381 proprieta-
1288 3363 1295 3388 ,

129 3399 193 3468 tes
205 3441 215 3476 ‚
228 3397 466 3464 sensibilitas
487 3395 667 3460 animalis
679 3437 689 3471 ‚
702 3402 745 3460 ut
766 3397 939 3481 superius
952 3395 1003 3480 (t.
1024 3405 1187 3491 83-285.)

127 3504 382 3575 dictumest,
403 3499 445 3562 in
466 3497 557 3577 solis
586 3498 732 3563 residet
754 3503 1015 3590 cerebralibus
1044 3509 1185 3573 nervis.

129 3615 233 3680 illae
256 3607 377 3694 igitur
400 3603 582 3694 animalis
610 3607 780 3696 corporis
800 3616 951 3693 partes,
974 3631 1070 3694 quae
1098 3616 1185 3698 plu-

134 3719 249 3784 rimis
272 3716 518 3782 instruuntur
553 3717 758 3806 nerviam.
786 3718 901 3798 174),
924 3718 1096 3810 maximo
1129 3728 1186 3786 et-

142 3821 228 3884 iam
249 3819 416 3905 gaudent
437 3841 572 3896 sensu,
595 3821 685 3884 dum
704 3841 788 3892 eae,
821 3833 919 3904 quae
944 3819 993 3883 iis
1019 3819 1185 3888 uestitu.

135 3929 278 3998 untur,
300 3921 340 3986 in
363 3923 532 3998 normali
552 3924 690 3986 saltem
712 3928 839 3995 statu,
861 3921 1105 3989 insensibiles
1118 3945 1185 4008 pe*

131 4027 238 4091 nitus
252 4027 517 4092 observantur.
534 4027 764 4108 Compressu
785 4030 852 4088 aut
874 4024 996 4108 ligato
1019 4027 1183 4112 alicujus

132 4129 256 4214 partis
280 4148 419 4203 necve,
435 4149 566 4193 sensus
580 4127 682 4210 perit
696 4147 705 4206 3
721 4131 759 4190 et
780 4125 812 4192 si
827 4128 1043 4192 musculum
1055 4149 1182 4214 respa«

137 4233 238 4300 xerit
259 4233 493 4317 interceptus
523 4222 687 4306 nativus,
715 4231 788 4294 iste
811 4231 1034 4296 mobilitate
1050 4235 1185 4318 priva*
