2904 4996
273 405 318 482 so
359 403 444 468 ιη.
457 375 502 467 ll.
519 404 610 468 car.
622 403 668 466 11.
679 401 737 466 Du
756 411 844 464 unu.
866 411 963 464 uum.
977 411 1091 464 coar.
1106 413 1277 465 srsruu.

167 588 171 604 ·
277 519 450 631 gelatina
468 549 703 632 deponatur,
724 547 787 610 vel
807 565 933 610 vacua
960 552 1146 628 maneant
1175 547 1325 634 spatia,

250 649 327 738 ‘ut
347 653 445 716 cutis
463 650 677 720 universa
666 671 709 716 m
729 667 841 733 rugas
870 653 1008 732 agatur
1025 647 1089 736 b).

364 795 475 879 Quod
506 795 724 861 utilitatem
758 791 853 856 facit
893 791 1050 875 adipis,
1081 791 1175 856 haec
1213 779 1327 855 vori'a
1444 873 1445 878 ἵ

277 897 437 962 omnino
450 905 519 960 est
541 875 636 962 Late
651 896 755 962 enim
767 894 989 978 dominatur
1007 913 1076 980 per
1086 894 1257 960 animala
1267 913 1327 964 re-

272 1017 392 1084 gnum
405 1001 690 1076 eesubstantra,
703 1000 812 1079 adeo,
824 999 985 1066 utSwa
999 997 1327 1064 mmardamio

277 1108 316 1166 et
334 1103 619 1188 Malpighio
639 1093 766 1178 testes
778 1100 926 1166 insecta
945 1119 1096 1189 quoque
1118 1105 1156 1162 et
1177 1119 1328 1165 vermos
1444 1187 1445 1192 ἵ

274 1205 501 1289 pinguicula
520 1206 714 1296 gaudeant
734 1203 953 1272 substantie
965 1203 1131 1284 ,auosin
1151 1183 1240 1268 usu's
1265 1201 1328 1267 de

276 1309 482 1394 stinatai).
506 1309 707 1374 venustati
727 1307 898 1393 corporis
918 1303 1111 1392 pinguedo
1131 1304 1331 1388 prospicit,
1444 1317 1445 1324 ’

276 1430 364 1488 oum
395 1411 615 1488 cavationes
650 1416 688 1484 et
719 1411 984 1494 prominentes
1015 1414 1143 1492 partes
1175 1415 1327 1494 aequat.

275 1516 420 1582 Tuetur
440 1535 587 1601 organa
618 1537 641 1580 a
670 1510 875 1580 violentiis
908 1513 1097 1578 externisz
1129 1511 1183 1576 sio
1214 1515 1327 1578 oculo

223 1627 229 1638 ’
261 1625 315 1699 ,et
342 1624 497 1688 renibus
527 1623 743 1718 pulvinaris
766 1624 894 1695 instar
924 1618 1197 1710 substernitur.
1232 1621 1329 1683 Cum

189 1754 196 1773 ·
276 1723 390 1806 adeps
404 1729 572 1794 calorem
593 1747 705 1812 aegre
728 1727 939 1801 conducet,
959 1722 1202 1809 superficiem
1241 1745 1327 1788 cor·
1444 1755 1445 1766 κ

272 1831 380 1912 poris
404 1854 427 1896 a
446 1832 605 1916 frigoris
640 1854 743 1898 noxa
763 1839 936 1912 ,tuetur;
967 1830 1057 1896 inda
1086 1829 1208 1912 igitur
1241 1835 1330 1904 est,
1444 1819 1445 1874 ἶ

276 1933 379 2016 quod
400 1936 601 2004 macilenti
623 1936 806 2001 homines
829 1935 988 2018 frigoris
1006 1933 1090 1998 vim
1107 1932 1229 2018 magis
1243 1953 1328 1998 sen-

272 2036 400 2117 tiant,
427 2058 543 2122 quam
564 2040 695 2119 obesi,
719 2047 758 2104 et
779 2039 955 2125 providit
974 2025 1118 2102 natura
1138 2037 1324 2102 animali-

255 2139 343 2229 ¹bus
362 2141 562 2224 polaribus
585 2131 703 2228 atque
726 2143 797 2216 iis,
819 2160 914 2227 quae
931 2139 1062 2204 hieme
1093 2135 1291 2222 dormiunt
1314 2183 1326 2219 ,

269 2243 446 2316 naturali
466 2245 539 2336 boo
558 2245 717 2331 amictu.
741 2237 900 2308 Tri'buit
926 2242 1106 2327 partibus
1118 2243 1327 2318 ,musculis

275 2347 748 2430 circumfusus‚majoram
766 2346 1052 2426 mobilitatem,
1066 2353 1152 2408 c'um
1175 2343 1327 2411 frictio-

273 2457 414 2516 namet
435 2451 679 2536 rigiditatem
697 2453 996 2536 pertimescet,
1018 2447 1328 2515 Inserviteadem

273 2557 458 2622 materies
479 2539 631 2640 ¹corpori
640 2561 827 2642 tanquam
839 2554 1002 2628 materia
1020 2555 1217 2619 nutriens:
1237 2559 1328 2618 oon·

233 2641 240 2662 ‘
278 2659 446 2736 sumitur
463 2659 556 2726 hino
572 2659 765 2744 pinguedo
790 2660 832 2738 in
863 2657 1119 2750 morbis,ubi
1140 2657 1242 2722 viros
1264 2654 1328 2720 de·
1443 2655 1444 2716 J

274 2761 397 2838 iactae
417 2760 665 2851 adsumendis
685 2769 723 2827 et
745 2737 963 2844 digerendis
984 2758 1184 2836 alimentis
1220 2758 1326 2824 haud

196 2935 201 2952 ‚
265 2865 533 2947 ,respondem
554 2866 609 2932 sic
629 2867 871 2940 emacientur
884 2863 1076 2936 animalia
1096 2863 1326 2928 ethomines
1347 2879 1354 2902 ¹

274 2967 405 3032 inedia
436 2973 648 3050 macerati,
684 2953 723 3040 et
755 2969 922 3052 perdunt
953 2967 1192 3041 animantia,
1223 2987 1321 3053 quae

272 3069 404 3136 hieme
424 3073 625 3141 dormiunt
636 3072 873 3154 ,notabilem
902 3072 1025 3158 adipis
1048 3073 1324 3158 quantitatem.

196 3183 200 3196 ’
274 3176 448 3243 Maxima
468 3184 598 3244 autam
621 3180 776 3243 utilitas
799 3183 966 3242 secretae
998 3175 1248 3262 pinguedinis
1280 3197 1326 3240 ea

277 3301 358 3352 osse
380 3281 558 3357 videtur,
578 3281 907 3368 quodebemicam
918 3281 1170 3363 poloritatem
1184 3280 1225 3344 in
1247 3300 1326 3343 cer-

278 3382 330 3446 tis
351 3393 549 3449 conservet
568 3386 723 3472 organis
735 3403 844 3468 ,cum
867 3384 1028 3447 secretio
1053 3404 1097 3448 oa
1117 3383 1331 3468 phlogisti·
1441 3425 1442 3444 r

278 3485 539 3552 ca'subtrahit
558 3487 742 3572 sanguini
761 3485 978 3570 principius
999 3484 1091 3549 inda
1111 3484 1232 3550 etiam
1254 3491 1326 3560 est,

200 3573 204 3582 ’
279 3585 382 3672 quod
402 3589 614 3671 suppressis
639 3589 727 3653 aliis
750 3586 1056 3665 secretionibus,
1072 3608 1169 3675 quae
1199 3587 1328 3652 elimi-

274 3711 367 3758 nare
387 3693 514 3756 solent
542 3691 851 3759 inflammabilia
872 3689 1095 3774 (exhalatio
1117 3689 1214 3754 cutis
1227 3734 1239 3768 ‚
1262 3710 1325 3754 se-

280 3793 401 3859 cretio
425 3794 542 3876 bilis)
554 3833 566 3870 ,
577 3794 758 3858 morbosa
778 3813 891 3877 saepe
914 3793 1064 3858 oriatur
1076 3791 1242 3856 obesitas
1255 3793 1324 3880 k).

346 4038 373 4100 1
378 3953 577 4096 'ffldssLElt
595 3954 643 4008 El.
662 3953 749 4030 phys.
769 3955 795 4012 1.
816 3974 853 4032 p
843 3957 987 4016 12-15·
1009 3969 1046 4002 ⁸¹¹·
1018 3957 1102 4072 *Ἦ
1127 3955 1209 4030 Aug.
1232 3956 1322 4012 Anat

391 4054 421 4111 p.
444 4052 457 4091 1

384 4173 573 4244 >13chss
589 4176 611 4235 l
628 4194 655 4240 c.
674 4195 707 4250 p.
724 4176 786 4238 ¹38.

381 4307 415 4377 s)
433 4306 632 4372 sucuow’s
662 4309 771 4382 terge,
784 4308 816 4366 o.
843 4309 953 4384 Physit
970 4277 1004 4366 ul
1019 4307 1121 4375 osen.
1140 4311 1164 4366 1.
1180 4311 1286 4386 aaa:
