2904 5004
308 393 366 460 scr
410 371 1308 462 impucuatuor-simun,cosssssrm.

739 521 767 592 §.
815 517 885 584 161.

447 665 699 766 Euolutio
732 653 1170 789 etreprodoeti'o.

375 863 500 930 Simul
522 861 678 948 quidem
709 855 942 936 erol‘vuntur
971 881 1091 924 venae
1123 883 1206 926 cum
1237 873 1340 930 arte·
1439 907 1440 922 ,

290 971 384 1045 riis,
406 965 569 1032 minoris
589 971 722 1028 tamen
742 964 892 1025 suntin
914 963 1119 1048 embryone
1141 969 1338 1050 capacita—
1439 947 1440 960 ἵ

290 1077 342 1138 tis
362 1117 374 1150 ,
401 1071 495 1135 adeo
507 1109 529 1164 ,l
544 1072 587 1130 ut
610 1067 841 1130 arteriarum
863 1067 1162 1149 amplitudinem
1183 1071 1251 1135 vix
1278 1093 1340 1137 su-

290 1175 449 1258 perent,
473 1168 574 1260 quod
609 1167 745 1250 rapido
774 1170 944 1251 corporis
974 1175 1233 1251 incremento,
1264 1195 1339 1262 quo
1439 1229 1440 1232 ,

290 1281 460 1344 multum
493 1273 538 1337 de
560 1271 780 1337 arterioso
770 1289 813 1333 1n
842 1274 1018 1356 partibus
1045 1284 1217 1358 remanet
1250 1303 1340 1346 san·

290 1385 434 1469 guina,
461 1379 754 1445 adscribendum
778 1372 847 1444 est.
870 1382 1008 1478 Earum
1031 1369 1227 1468 partium,
1242 1406 1339 1472 quae

289 1499 401 1554 suam
425 1486 538 1549 citius
562 1473 844 1568 consequuntur
874 1481 1176 1567 perfectionem,
1206 1497 1335 1555 matu-

291 1597 372 1660 'rius
398 1587 790 1674 etiamperficiuntur
813 1589 1081 1665 ve'nae,ut1n
1104 1593 1255 1658 cerebro
1279 1597 1338 1660 vi·
1354 1597 1367 1608 '

294 1701 438 1764 demus.
474 1702 610 1764 Aetate
632 1695 795 1776 juvenili
817 1699 1045 1762 arterrosum
1066 1685 1340 1783 praedomina-
1439 1719 1440 1730 ¹

221 1803 223 1810 ’
290 1809 353 1867 tur
384 1807 577 1901 systema,
607 1798 675 1862 ubi
704 1819 795 1862 vero
832 1819 967 1884 corpus
999 1803 1040 1866 in
1073 1807 1230 1889 longum
1257 1827 1338 1872 non

252 1907 460 2000 Lamplius
483 1901 689 1978 increscit,
711 1898 833 1984 major
864 1905 1007 1969 cruoris
1030 1907 1133 1991 nigri
1171 1913 1335 1993 eparti-

290 2014 361 2076 bus
385 2001 585 2076 revehitur
606 2012 737 2111 copia,
761 2029 833 2095 quo
854 2030 1041 2073 venarum
1066 2019 1226 2097 augetur
1254 2035 1336 2079 am·

292 2110 461 2195 plitudo.
494 2102 699 2196 Ingruente
725 2115 941 2183 senectute,
963 2111 1030 2174 ubi
1062 2101 1337 2180 destructionis

291 2219 454 2316 augetur
474 2233 694 2296 processus,
716 2214 887 2278 maxima
915 2197 1113 2297 sanguinis
1136 2197 1335 2300 quantitas

242 2337 244 2342 ·
292 2319 334 2380 in
352 2334 492 2380 venoso
515 2313 645 2380 existit
664 2322 891 2404 systemate,
923 2315 1023 2400 quod
1046 2307 1204 2382 elastica
1232 2320 1273 2382 vi
1297 2325 1335 2383 et

291 2425 406 2488 vitali
428 2413 520 2488 ton'o
543 2411 816 2499 imminutum,
829 2424 1040 2507 plurimum
1063 2445 1162 2487 nuno
1179 2431 1333 2506 proten-

99 2537 105 2559 ·
184 2585 194 2604 ,
250 2573 255 2578 -
293 2515 412 2590 ditur.
435 2526 681 2610 Amplrantur
702 2534 829 2592 autem
851 2527 942 2590 illae
963 2547 1167 2608 praecipue
1189 2549 1334 2604 venae,

292 2613 334 2695 in
357 2615 494 2724 quibus
518 2630 673 2713 sanguis
695 2638 827 2694 contra
856 2613 1132 2713 gravitationis
1153 2631 1253 2714 leges
1276 2656 1335 2698 re·

261 2792 263 2801 ,
292 2735 471 2809 vehitur,
491 2735 553 2797 vel
574 2735 642 2797 ubi
664 2735 765 2797 aliae
787 2733 925 2797 adsunt
946 2754 1103 2813 causae,
1120 2733 1337 2818 regressum

183 2906 192 2916 ,
294 2823 467 2928 humoris
495 2836 770 2920 impedientes,
800 2841 843 2900 ut
874 2836 915 2900 in
939 2839 1250 2905 extremitatibus
1275 2843 1335 2908 in·

296 2940 529 3017 serioribus,
547 2940 664 3026 inque
684 2939 892 3004 abdomine
916 2961 993 3004 esse
1016 2944 1125 3005 solet.
1258 2931 1266 2956 ‘

376 3103 697 3189 Reproductionis
716 3101 776 3166 vis
788 3102 911 3186 major
924 3102 1038 3168 estin
1057 3125 1195 3168 venoso
1203 3125 1335 3196 quam

294 3197 336 3276 in
365 3208 551 3273 arterioso
585 3211 824 3290 systemate,
851 3205 952 3289 quod
991 3207 1114 3269 textui
1152 3208 1333 3276 celluloso

290 3297 463 3379 uberlorr
483 3297 833 3400 (§159)adscribi
855 3311 978 3376 debet.
1002 3310 1124 3375 Facile
1141 3312 1231 3376 hrnc
1251 3337 1336 3380 reu
1373 3395 1375 3404 y

293 3409 455 3486 niuntur
474 3436 660 3480 venarum
682 3401 862 3494 vulnera,
884 3423 921 3481 et
940 3405 1078 3482 accidit
1098 3419 1332 3512 frequenter,

293 3529 338 3588 ut
368 3519 533 3606 parietes
566 3518 804 3584 inflammati
841 3526 908 3584 aut
937 3521 1093 3588 vinculo
1125 3527 1333 3608 compressi

294 3625 549 3694 concrescant.

755 3812 785 3884 ς.
809 3812 880 3874 162.

564 3983 737 4054 Status
771 3979 1045 4062 abnormis.

373 4149 683 4219 Dilatationibus
711 4154 846 4220 nimiis
887 4179 1003 4222 venus
1037 4162 1221 4232 obnoxias
1252 4190 1333 4236 esse

291 4257 407 4346 paulo
428 4259 519 4321 ante
540 4258 1095 4339 memoratumfuit3differunt
1115 4275 1243 4338 autem
1257 4273 1333 4341 hae
