2902 4996
279 371 345 446 314
365 360 510 452 Lrnlt.
524 361 613 432 cnr.
634 359 692 430 IV.
711 340 770 432 Dr
793 377 950 432 sinaut·
971 375 1102 430 vtrat-
1125 375 1270 430 mtt-

279 527 393 598 seque
412 516 545 582 mutuo
568 511 761 606 concita-re
784 509 929 578 valent.
961 506 1230 601 Rpstringitur
1257 529 1317 576 au·

222 686 224 693 ¹
280 617 360 675 tem
383 632 426 675 ea
448 631 678 696 organorum
700 611 1033 698 relatio‚quaoin
1053 611 1152 708 iano
1171 620 1209 678 et
1227 633 1322 680 mor-

280 717 380 782 boso
393 721 498 782 statu
518 717 661 780 summi
683 720 741 780 est
761 714 968 790 momenti,
988 716 1051 780 vel
1070 716 1122 781 od
1142 717 1323 783 sensatio-

280 837 369 884 nem
391 820 537 894 solam,
553 819 617 899 vel
639 837 729 882 vero
753 837 918 904 organa,
940 818 983 882 in
1004 835 1234 902 eonsensum
1259 816 1321 882 od·

281 923 420 1000 dueta,
443 924 490 988 ad
513 925 706 1000 sotionem
728 922 846 988 simu'l
865 928 1129 1006 provocantur
1143 917 1322 1010 (syner-

282 1027 405 1112 gia);
429 1027 543 1095 datur
572 1035 771 1110 praeterea
805 1047 1031 1103 consensus,
1054 1027 1124 1116 qui
1155 1025 1199 1092 in
1225 1031 1324 1095 statu

284 1140 512 1218 aegrotante
552 1135 678 1206 solum
721 1133 938 1200 advertitur
983 1129 1322 1221 (sympathia

283 1237 462 1303 morbo
478 1238 575 1324 sa).'

327 1365 330 1374 ’
365 1361 798 1474 Praecipuaconsensus
818 1369 930 1448 causa
948 1383 991 1448 in
1009 1346 1224 1468 systenrato
1242 1397 1324 1446 ner·

222 1523 228 1582 ¹·
283 1503 377 1550 voso
405 1484 534 1568 posita
563 1491 641 1550 est:
673 1505 760 1552 cum
791 1507 929 1572 nempe
958 1488 1094 1566 nervi,
1117 1485 1185 1575 qni
1216 1483 1323 1572 pluro

285 1588 428 1678 adeunt
458 1606 624 1674 organa,
654 1613 699 1660 ex
731 1590 863 1656 eodem
891 1590 1070 1657 oriuntur
1098 1609 1231 1664 ramo,
1258 1588 1320 1650 aut

285 1693 423 1766 saltem
445 1692 637 1777 conjuncti
658 1693 717 1764 tta
744 1701 855 1769 sunt,
875 1698 920 1757 ut
939 1690 1198 1758 efficientiam
1225 1689 1322 1755 vitad

284 1796 364 1872 lem
384 1799 666 1872 communicare
689 1800 805 1865 facile
826 1802 999 1884 possint,
1021 1817 1164 1866 nexum
1182 1797 1322 1881 ponunt

174 1923 180 1934 ’
286 1899 540 1986 dynamioum
575 1901 677 1970 inter
706 1895 859 1988 partes,
880 1902 1000 1979 adeo,
1024 1907 1068 1966 ut
1098 1921 1180 1964 una
1202 1893 1322 1962 conoi-

285 2009 393 2078 tata,
416 2004 516 2068 aliae
534 2023 622 2070 mox
640 2005 879 2088 participent
899 2005 1184 2070 incitationem.
1204 1997 1318 2060 Naxus

286 2105 362 2182 ἰΰῒθ
391 2128 600 2186 Hermum*
624 2104 750 2184 efficit
779 2110 977 2200 triplicem
1007 2126 1214 2176 consensus
1241 2119 1320 2192 spe·

289 2231 399 2282 orem.
505 2268 507 2273 .

403 2327 457 2443 a)
469 2359 667 2422 Ponuntur
688 2371 832 2443 organa
843 2358 948 2422 vitae
971 2355 1159 2422 animalis
1179 2352 1220 2418 in
1240 2367 1321 2414 oon·

370 2481 547 2526 sensum:
570 2463 623 2524 sio
656 2447 871 2526 coarctatur
906 2457 1060 2545 pupilla
1088 2477 1114 2522 a
1144 2460 1227 2522 luco
1264 2451 1320 2514 in·

273 2637 276 2646 ,
371 2561 561 2637 tensione,
584 2564 632 2628 ob
664 2582 805 2627 nexum
827 2549 1076 2645 peculial-ent,
1110 2577 1223 2648 quom
1245 2571 1324 2618 ner·

369 2664 412 2730 vi
434 2660 585 2733 oiliares
608 2685 694 2730 cum
714 2667 841 2749 optioo
861 2685 979 2729 nervo
1000 2665 1172 2743 habent;
1192 2672 1323 2728 nervus

369 2772 679 2860 naso-ocularis,
712 2773 778 2858 qui
809 2789 937 2835 ramus
962 2775 1020 2833 est
1045 2769 1151 2851 paris
1174 2758 1318 2852 quinti,

369 2893 458 2938 eum
479 2875 591 2957 ponit
610 2877 711 2944 inter
729 2875 882 2946 oculum
901 2880 939 2938 et
961 2892 1071 2936 nares
1092 2879 1321 2936 eonsensume

368 2981 413 3040 ut
430 2976 483 3053 ii,
496 2979 563 3062 qui
580 2980 699 3045 solem
710 2979 932 3054 intuentur,
944 2979 1160 3040 sternutont
1171 2993 1183 3053 ς
1195 2981 1319 3036 amau·

301 3103 304 3110 ·
370 3077 470 3145 rosis
505 3087 542 3150 et
572 3083 673 3148 aliae
704 3083 808 3148 visus
842 3079 1075 3145 adfectiones
1106 3099 1153 3144 ex
1182 3091 1256 3139 uno
1282 3065 1320 3131 in

378 3182 503 3246 alium
526 3203 616 3248 mox
636 3191 899 3270 propagentur
921 3183 1093 3262 oculum,
1119 3180 1167 3248 ob
1190 3183 1320 3241 noxum

372 3289 607 3370 pecul-iatam
617 3335 631 3371 ‚
655 3311 769 3380 quem
788 3289 897 3357 nervi
916 3287 1036 3380 optioi
1054 3287 1097 3354 in
1115 3278 1322 3358 enitentis

374 3390 582 3476 nccipiunt.

413 3527 462 3620 b)
483 3527 604 3600 Naxus
634 3533 705 3600 ille
732 3556 955 3620 nervorum,
977 3554 1051 3622 quo
1072 3540 1240 3620 systema
1265 3539 1317 3586 ce·

288 3660 294 3669 ¹
372 3635 525 3700 rebrale
550 3657 635 3702 oum
664 3639 908 3722 gangliorum
939 3636 1182 3721 conjungitur
1205 3630 1317 3716 sym*

373 3743 479 3801 mate
503 3736 525 3822 (
536 3745 563 3817 ς.
597 3745 700 3829 18¹.)
713 3782 725 3819 ,
745 3740 786 3806 id
815 3737 961 3818 efficit,
982 3729 1026 3806 ut
1048 3757 1192 3825 organa
1217 3729 1315 3796 vitae

372 3840 582 3906 sensiferae
607 3864 692 3908 oum
721 3846 875 3929 organis
905 3845 1009 3912 vitae
1036 3834 1315 3930 reproduetivar

168 3987 170 3996 ,
250 4005 263 4022 .
372 3938 416 4004 in
456 3961 683 4012 consensum
715 3953 932 4032 ponantur,
966 3948 1066 4036 quod
1099 3943 1249 4033 quidem
1277 3932 1315 4004 in

262 4073 268 4084 ·
336 4098 341 4105 .
371 4050 597 4126 aegrotante
626 4054 754 4126 statu,
777 4049 846 4114 ubi
874 4050 1054 4134 ganglia,
1074 4054 1118 4113 nt
1145 4041 1315 4112 semiton*

369 4145 573 4226 ductores,
595 4149 788 4224 bioticum
820 4172 898 4216 non
930 4151 1098 4235 amplius
1127 4140 1313 4230 separent,

374 4246 612 4340 frequentius
635 4251 777 4320 accidit
806 4252 857 4340 (ς.
881 4257 988 4340 185.).
1020 4253 1076 4318 Ob
1095 4263 1232 4322 nexum
1249 4256 1308 4326 90·
