2904 5004
309 354 414 420 sacr.
438 349 503 418 nt
523 350 582 418 Da
606 359 839 419 srsrsusrr
860 366 1046 422 cursuro.
1154 361 1212 442 11‘9

169 495 308 562 sticum
327 515 436 562 suam
457 504 495 562 et
516 496 786 562 contractilsm
808 498 891 563 vim
915 507 1096 567 cataneus
1128 509 1212 569 tex·

165 606 231 666 tus
252 623 276 665 a
299 599 445 666 morbis
465 590 696 688 praegressis
720 603 813 667 et1n
832 610 1024 668 senectute
1032 625 1129 723 ,quo
1150 627 1213 672 ru-

162 723 234 790 gae
260 711 298 768 et
317 693 444 790 plicae
466 707 659 788 plurimae
683 711 886 790 apparent

247 829 401 894 Corium
421 829 647 895 intumescit
664 831 949 910 maceratione,
974 833 1157 898 recedunt
1168 835 1214 898 fi·
1305 858 1312 868 ·

160 935 277 1015 brae,
308 934 429 1019 fitque
453 939 579 998 textus
610 933 690 1014 ejus
721 934 867 1012 rarior,
888 937 1214 1004 intercedentibus

151 1040 372 1124 particulis
395 1037 551 1122 aqueis3
571 1038 637 1101 ubi
668 1038 880 1103 maceratio
912 1040 1057 1106 diutius
1090 1042 1213 1108 conti-

153 1146 333 1219 nuatur,
365 1140 554 1221 putrescit
577 1144 615 1202 et
645 1139 857 1206 resolvitur
882 1138 924 1204 in
953 1143 1102 1224 pultem
1132 1139 1213 1207 foe-

102 1243 104 1252 ’
160 1248 323 1307 tentem.
347 1241 702 1326 Corrugaturssutis
736 1241 908 1313 fervente
941 1243 1090 1318 calore,
1120 1244 1207 1318 red·

161 1333 267 1412 ditur
288 1345 441 1411 densior
463 1351 501 1409 at
520 1343 704 1420 crassior,
715 1345 922 1408 contractis
942 1349 1092 1426 areolis,
1101 1347 1143 1412 in
1153 1350 1212 1415 ia-

162 1449 221 1512 cie
246 1448 469 1532 cumprimis
493 1448 660 1533 interna.
684 1448 884 1512 Protracta
913 1449 1083 1514 coctione
1117 1451 1212 1516 cori-

161 1563 229 1614 um
250 1551 292 1614 in
314 1552 526 1634 gelatinam
559 1548 787 1622 resolvitur,
815 1556 1040 1638 remapente
1072 1555 1210 1639 exigua

162 1663 273 1740 parta
292 1646 597 1720 membranacea.
621 1653 862 1736 Intelligitur
882 1653 974 1718 hinc
986 1699 997 1731 ,
1018 1675 1209 1740 quareco·

165 1758 375 1823 riariorum
394 1755 653 1840 principium,
675 1754 775 1840 quod
794 1756 964 1820 animale
975 1757 1107 1842 gluten
1120 1780 1210 1824 con·

164 1859 299 1924 densat
321 1859 372 1944 (ς.
393 1858 487 1944 99.,)
519 1857 668 1924 corium
696 1852 908 1924 consolidet
927 1865 966 1924 et
993 1881 1115 1947 aquae
1135 1863 1210 1962 inr-

166 1961 521 2080 perviumreddat‚
547 1966 632 2024 tum
651 1960 714 2034 vel
735 1961 926 2044 maxime,
950 1962 1118 2028 ubicum
1148 1966 1208 2028 in·
1278 2023 1283 2035 ,

164 2065 372 2149 ternacius
393 2064 515 2140 facie,
527 2063 595 2127 ubi
616 2065 768 2129 areolae
788 2065 913 2128 multo
929 2068 1208 2150 suntnmjnms,

161 2167 420 2250 maceratione
440 2163 651 2250 praemissa
670 2163 712 2234 iu
732 2171 952 2240 contactum
984 2172 1157 2258 ponitur,

240 2312 385 2376 Vitales
419 2312 514 2380 cutis
545 2313 800 2398 proprietates
835 2311 1006 2397 insignes
1037 2315 1198 2382 omnino
1307 2313 1309 2323 '

161 2423 270 2482 sunta
292 2417 547 2482 dominatur
537 2439 578 2482 ιιι
595 2417 668 2482 hoc
690 2422 902 2502 systemate
915 2417 1101 2482 ammalrs
1123 2439 1207 2484 ma

159 2518 262 2582 xime
286 2517 550 2594 sensibilitas,
583 2525 714 2602 estque
737 2518 777 2582 id
809 2537 981 2603 organon
1012 2523 1139 2584 tactus
1169 2525 1209 2584 et

159 2621 332 2704 corporei
351 2641 504 2700 sensus,
527 2623 746 2705 quatenus'
735 2628 785 2686 1st
771 2623 877 2686 tabe
898 2624 1090 2688 extraneis
1120 2643 1205 2688 mu·-

156 2729 265 2787 tatur
282 2725 408 2799 rebus,
419 2725 628 2808 praecipua
645 2725 762 2790 sedes.
786 2724 1031 2789 sensibilitas
1051 2729 1207 2810 organi-

157 2845 200 2888 ca
221 2831 259 2890 et
280 2825 830 2910 contractilitas·inconspicua
847 2828 890 2890 in
920 2827 994 2890 reti
1025 2829 1202 2898 vasculo-

156 2949 197 2993 so
220 2925 270 3008 (l.
293 2929 385 3016 14¹2.)
410 2929 577 3010 maxime
601 2929 874 3007 dominantur;
895 2930 1115 3013 gubernant
1147 2955 1207 2997 re·

158 3028 476 3116 productionem,
507 3032 820 3107 exhalationem,
848 3031 1136 3114 absorptionem
1167 3041 1206 3099 et

157 3131 311 3196 cutanei
332 3133 556 3216 smegmatis
579 3129 629 3216 (ς.
654 3131 747 3216 144.)
767 3123 1030 3202 secretionem.
1053 3133 1205 3201 Gaudet

157 3234 254 3299 cutis
293 3235 413 3298 etiam
444 3236 655 3318 conspicua
680 3234 796 3298 vitali
822 3235 1159 3316 ¹contractilitate,
1181 3259 1204 3304 a

154 3338 302 3422 frigore
326 3345 481 3403 externo
505 3344 572 3402 aut
593 3329 726 3402 febrili
739 3382 750 3416 ‚
780 3356 876 3420 aque
908 3339 1098 3404 morbosis
1135 3319 1205 3408 sti·

154 3442 293 3517 mulis,
306 3463 372 3524 per
394 3459 619 3523 consensum
639 3439 841 3524 agentibus
851 3482 860 3514 ‚
875 3440 1096 3506 suscitanda
1117 3440 1204 3525 (cu-

154 3546 204 3609 tis
230 3546 444 3634 anserina).
468 3546 524 3611 Ob
544 3545 683 3609 vitales
704 3541 774 3609 bas
796 3547 1064 3629 proprietates·
1090 3552 1202 3611 cuta-

153 3635 268 3713 neum
291 3657 460 3738 systema
482 3667 569 3710 cum
590 3647 742 3732 organis
755 3655 800 3714 et
831 3649 1008 3732 partibus
1039 3650 1207 3715 diversis

154 3753 196 3816 in
216 3757 456 3840 frequentem
476 3752 633 3835 ponitur
654 3774 881 3819 consensum
893 3797 903 3832 ‚
927 3757 1043 3835 adeo,
1061 3763 1105 3819 ut
1124 3758 1204 3822 fer-

126 3927 129 3933 ,
155 3881 216 3924 me
239 3845 349 3926 nulla
367 3864 417 3928 sit
437 3883 524 3946 pars
547 3862 719 3926 nobilior
745 3861 786 3924 in
816 3861 984 3927 animali
1016 3881 1203 3944 corpore,

154 3983 217 4026 seu
239 3965 345 4028 vitae
375 3965 521 4048 praesit
549 3964 778 4052 sensifsrae,
798 3984 865 4028 seu
897 3982 987 4028 vero
1019 3962 1199 4046 reprodu-
1285 3961 1288 3970 ’

154 4068 305 4134 ctivum
327 4072 518 4136 sustineat
539 4092 678 4138 munus
690 4090 807 4164 ,quae
826 4070 1056 4134 notabiliter
1077 4071 1202 4152 possit

154 4172 293 4252 adfici,
312 4181 395 4240 cute
418 4177 460 4242 in
483 4179 655 4265 aliquam
676 4198 754 4242 non
773 4180 967 4262 pertracta
991 4175 1200 4268 compassi·

153 4295 284 4340 onem.
