2904 5004
268 431 329 508 158
349 421 434 488 Lru·
446 417 490 483 11.
504 375 593 482 dar.
606 412 651 480 ΙΙ.
666 414 724 476 De
746 423 833 474 eeu.
848 425 942 475 unu.
965 424 1079 474 eoae.
1096 417 1266 474 srsreu.

165 525 176 640 ,ἱ
267 571 419 650 parent.
461 563 607 630 Desunt
640 557 820 624 valvulae
863 556 905 622 in
936 525 1045 620 renis
1077 556 1314 641 lymphatici

269 668 508 780 systematis.

351 825 529 922 Ganglia
549 820 683 884 vicina
714 815 883 881 surculos
911 837 1093 891 nerveos,
1114 813 1158 881 ut
1188 805 1315 883 Wer

268 909 1028 1006 neri,Fischeri,Wrisbergii,
1051 914 1316 996 Hewsonii,

269 1025 613 1110 Slimmerring
623 1026 663 1088 ii
699 1031 737 1086 et
770 1023 938 1084 aliorum
976 1023 1316 1106 pervestigationi

267 1138 339 1202 bus
368 1131 574 1203 innotuit,
606 1128 654 1191 ad
684 1119 888 1209 glandulas
920 1125 1181 1208 lymphaticas'
1215 1133 1318 1192 certe

271 1239 458 1313 mittunt3
478 1233 638 1297 subtiles
662 1235 793 1292 tamen
817 1214 1024 1291 admodum
1046 1233 1156 1304 sunt,
1178 1236 1221 1293 ut
1245 1227 1312 1294 de·¹

271 1341 350 1405 cidi
372 1331 440 1406 vix
453 1324 457 1332 ¹
469 1335 613 1421 possit,
636 1327 849 1396 subeantne
868 1321 1133 1416 parenchyma
1153 1323 1318 1416 glandu-

266 1445 393 1509 larum
403 1479 413 1515 ‚
426 1463 474 1505 an
489 1459 579 1504 vero
602 1435 754 1500 arteriis
767 1437 892 1500 solum
915 1433 1156 1500 inhaereant.
1172 1437 1318 1500 Scant-

268 1561 346 1612 (snu
377 1551 509 1609 tamen
542 1543 634 1606 duos
662 1559 792 1604 ramos
822 1539 938 1601 nervi
958 1540 1118 1603 cruralis
1152 1540 1318 1622 glandu-⁴

269 1653 349 1716 lam
370 1645 642 1748 inguinalem
631 1665 671 1708 m
695 1664 786 1706 cane
809 1642 984 1706 accedere
1007 1645 1205 1726 comperit,
1222 1663 1319 1728 quo

274 1773 362 1818 rum
386 1771 483 1815 unus
500 1737 705 1834 glandulae
726 1746 988 1810 substantiam
1007 1746 1211 1811 manifeste
1231 1747 1321 1812 sub·

280 1847 356 1921 ivit
377 1850 425 1940 *).

276 2043 279 2054 ·
352 1991 584 2080 Substantia*
602 2008 743 2076 harum
772 2009 1045 2092 glandularum
1076 2013 1205 2078 mollis
1236 2021 1320 2095 est,
1347 1999 1357 2030 ⁸

271 2121 517 2207 gangliorum
539 2115 680 2198 pulpae
703 2113 870 2188 similis,
894 2111 1067 2194 cellulis,
1090 2107 1131 2180 in
1153 2111 1319 2197 iuvenili

234 2211 245 2229 ”
273 2241 430 2307 corpore
449 2217 681 2302 praeprimis
706 2217 942 2298 conspicuis,
970 2209 1164 2285 albicante
1196 2221 1318 2305 potis-

271 2330 413 2394 simum
447 2325 609 2388 humore
650 2321 831 2400 repletis,
863 2315 1065 2388 instructa.
1109 2317 1319 2408 Disparsnt

269 2433 344 2497 hae
374 2427 537 2490 cellulae
565 2429 747 2507 sequente
783 2421 935 2498 aetate,
966 2430 1083 2508 'pr'out
1102 2427 1318 2521 glandulae

271 2531 409 2617 ipsae'
399 2551 441 2592 rn
462 2525 617 2590 senibus
643 2525 940 2602 contabescunt,
962 2533 1000 2592 et
1021 2530 1145 2593 multo
1167 2531 1319 2595 minore

271 2635 518 2720 reperiuntur
556 2650 728 2695 numero.
768 2633 861 2700 Est
874 2639 1004 2697 autem
1043 2627 1317 2719 glandularum

243 2735 610 2836 'lymphaticarum
642 2736 793 2801 fabrica
830 2737 1002 2819 triplex:
1036 2741 1189 2824 aliquae
1221 2733 1316 2805 solis

272 2844 518 2908 vasculorum
562 2838 892 2924 lymphaticorum
926 2847 964 2904 et
1005 2843 1316 2927 sanguiserorum

273 2947 515 3014 convolucris
549 2951 721 3010 constare
751 2943 965 3024 videntur3'
985 2947 1084 3012 aliae
1114 2971 1134 3014 e
1166 2953 1316 3018 cellulis

271 3039 407 3124 meris,
428 3056 543 3168 atque
562 3036 754 3131 plurimae
775 3047 915 3110 evasis
936 3053 974 3112 et
995 3049 1144 3115 cellulis
1166 3069 1319 3137 compo·

271 3155 367 3218 sitae
401 3147 590 3236 apparent
620 3153 694 3234 se),
729 3149 825 3212 Vasa
856 3150 1120 3236 lymphatica,
1153 3175 1250 3241 quae
1274 3157 1316 3221 in

269 3259 471 3346 glandulas
498 3255 664 3328 abeunt,
692 3256 943 3340 perlongum
975 3262 1090 3320 antea
1120 3263 1316 3343 spatium,

270 3361 375 3448 pedis
394 3358 563 3426 anserini
583 3357 710 3422 instar
726 3358 793 3432 ,in
812 3359 940 3439 plures
963 3359 1165 3428 finduntur
1188 3386 1317 3432 ramos

273 3463 431 3550 (vasa
460 3453 816 3550 inferentia),
840 3463 906 3551 qui
934 3465 1131 3550 adipeam
1150 3471 1315 3553 glandu-

272 3567 352 3632 lam
372 3564 525 3632 radiata
556 3553 768 3632 directione
800 3568 839 3630 in
860 3568 1028 3634 minores
1059 3568 1317 3636 disseminen-

273 3679 336 3740 tur
354 3671 611 3745 ramusculos,
633 3670 841 3755 glandulae
870 3675 1118 3756 superficiem
1148 3673 1315 3742 reticulo

274 3771 515 3844 obducentes.
556 3776 599 3839 In
634 3775 717 3840 ima
751 3771 839 3839 dein
878 3779 1098 3864 substantia
1133 3797 1318 3846 vasorum

270 3880 618 3948 'subtilissimorum
645 3885 748 3956 rste,
778 3875 888 3946 oculo
915 3889 1065 3948 armato
1088 3888 1176 3967 post
1206 3883 1317 3948 debi-

271 3973 354 4052 tam
391 3974 662 4066 impletionem
694 3989 879 4066 apparet,
907 3985 1006 4069 quod
1047 4007 1091 4050 ex
1131 3987 1314 4069 opposita

297 4083 477 4157 landulae
494 4092 603 4173 parte
622 4089 663 4152 in
682 4091 852 4154 surculos
875 4090 1016 4174 iterum
1038 4085 1120 4154 abit
1146 4092 1314 4174 majores

271 4109 425 4280 {vasa
458 4191 804 4276 afferentia),
836 4193 901 4277 qui
932 4192 1049 4256 simul
1083 4195 1235 4277 collecti
1271 4196 1315 4260 in

270 4299 391 4366 linum
408 4299 470 4362 vel
491 4299 619 4382 plures
640 4295 783 4358 iterum
803 4295 947 4358 abeunt
969 4301 1125 4362 truncos
1147 4298 1205 4383 a).
1227 4295 1314 4362 Sao·
