2920 4998
293 409 364 507 eos
381 391 468 462 Lu
478 395 525 462 11.
540 397 632 462 ose
643 395 690 462 11
698 393 760 463 Di
776 408 868 462 esu.
882 409 982 460 num.
1001 409 1114 464 cone.
1134 409 1302 464 sussum.

292 541 347 606 les
376 538 536 607 omnino
564 555 665 617 asse,
694 541 734 602 et
768 541 923 602 constat
951 515 1217 641 experientia,
1249 557 1336 604 mu·

292 643 448 719 oculos,
475 641 686 708 secundum
725 631 851 725 longit
837 616 1011 705 tudinem
1044 648 1198 717 sectos,
1229 661 1340 708 suam

290 747 395 814 haud
413 747 593 814 amittere
614 747 725 825 vim,
738 767 823 811 cum
860 746 998 812 incisio
1020 753 1243 812 transversa
1269 764 1339 830 pa·

290 852 440 938 rslysin
464 853 647 918 continuo
672 851 841 916 adducit.
864 851 1032 936 Insignis
1055 852 1233 918 cellulosi
1253 857 1338 916 tex·

292 961 355 1021 tus
391 956 613 1043 quantitas,
643 973 740 1040 quaa
770 955 945 1020 carnium
984 953 1178 1018 fabricam
1209 957 1318 1020 subit
1327 995 1341 1046 ρ

293 1062 510 1154 mobilitati
549 1082 627 1126 non
660 1063 773 1126 modo
810 1060 998 1148 prospicit
1027 1067 1065 1126 et
1093 1060 1340 1141 cohaesioni,

291 1185 426 1231 verum
456 1171 495 1230 et
521 1164 812 1248 reproductioni
842 1185 886 1228 ac
917 1184 1066 1229 setosae
1105 1165 1316 1230 sacrationi
1327 1207 1340 1244 ,

293 1285 389 1354 quae
414 1267 588 1352 poles-em
613 1249 699 1332 cum
727 1268 812 1350 ipsa
838 1265 1053 1332 musculas-i
1082 1265 1183 1332 fibra
1200 1265 1336 1338 fovete

294 1371 447 1436 videtur
469 1370 759 1455 oppositionem
783 1371 858 1456 ”).

376 1529 557 1616 copiosus
591 1535 715 1598 fertur
744 1533 786 1597 in
817 1533 1005 1596 musculos
1045 1533 1268 1614 animales,
1297 1540 1342 1602 ut

293 1639 357 1702 vel
387 1638 555 1724 insignis
583 1639 664 1724 jam
695 1637 870 1704 ostendit
892 1638 1030 1714 rubor,
1062 1641 1242 1733 sanguis,
1265 1658 1341 1726 quo

293 1741 459 1808 materia
480 1748 518 1806 st
534 1743 637 1811 vires
660 1741 836 1806 carnium
856 1741 1041 1804 continuo
1055 1747 1359 1808 restaurantur.-

292 1844 487 1910 Accedunt
519 1845 707 1920 arteriae,
728 1866 752 1907 a
780 1844 926 1910 truncis
955 1843 1095 1908 vicinis
1129 1853 1261 1923 ortae,
1293 1841 1343 1906 acl

293 1946 463 2011 mediam
492 1946 743 2032 potissimum
774 1945 940 2010 musculi
961 1950 1140 2028 partem;
1164 1941 1342 2010 subdivi-

295 2050 440 2115 duntur
460 2050 502 2114 in
520 2069 649 2116 ramos
669 2051 860 2124 minores,
884 2050 950 2134 qui
980 2049 1197 2114 interstitia
1219 2047 1338 2114 cellu-

295 2154 397 2222 laria
418 2158 625 2237 penetrant
654 2159 692 2217 et
714 2153 869 2236 oblique
896 2156 1149 2236 percurrunt3
1177 2157 1337 2214 extenu·

295 2261 411 2318 antur
429 2253 471 2316 in
502 2273 595 2316 vasa
620 2253 819 2328 tenuiora,
842 2254 1030 2316 librarum
1059 2254 1341 2320 musculas-ium

297 2353 549 2422 directionem
570 2356 796 2442 sequentia,
818 2375 837 2418 e
858 2355 996 2442 quihus
1019 2354 1172 2420 demum
1195 2358 1345 2422 tenuis·

295 2459 389 2524 simi
422 2462 460 2521 et
493 2457 692 2522 innumeri
721 2458 911 2550 prodeunt
939 2457 1109 2532 surculi,
1141 2455 1345 2524 filamenta

284 2563 630 2654 'carneatortuoso
644 2560 788 2624 itinera'
804 2561 1106 2626 concomitantes
1126 2566 1164 2624 et
1182 2561 1345 2625 circum·

282 2653 465 2754 ¹(lantes,
500 2637 755 2750 plurimistffiue
797 2665 1107 2731 anastomosibus
1148 2663 1345 2747 conjuncti

288 2769 358 2856 a).
390 2766 596 2849 Recipiunt
629 2791 773 2846 venae,
805 2753 1055 2854 capillaribus
1082 2769 1246 2836 surculis
1278 2789 1342 2846 ex·

253 2933 258 2942 ,
286 2877 425 2962 ortae,
446 2873 675 2956 sanguinem
697 2874 920 2968 nigrum‚et
940 2871 1130 2936 revehunt
1151 2889 1238 2936 eum
1256 2893 1345 2936 ver·

284 2993 359 3064 ¹sus
381 2994 445 3038 cor
469 2973 656 3038 dextrum.
691 2974 788 3040 Vasa
807 2973 1070 3062 lymphatica,
1092 2975 1134 3040 in
1166 2977 1246 3039 tela
1268 2976 1345 3039 cel·

297 3076 423 3142 lulosa
451 3079 712 3144 musculorum
743 3081 852 3153 cita,
875 3078 1106 3142 lacertorum
1127 3078 1344 3143 interstitia

255 3188 258 3199 “
296 3188 547 3267 perreptant;
566 3183 723 3247 facilius
744 3189 877 3248 tamen
906 3183 948 3246 in
975 3183 1158 3248 musculis
1188 3183 1345 3271 organi·

299 3283 375 3362 cis,
397 3304 514 3372 quam
538 3283 580 3349 in
601 3285 687 3349 istis
711 3286 965 3366 inveniuntur
985 3284 1047 3370 b).

381 3451 576 3517 Maximae
598 3459 731 3518 autem
751 3451 956 3537 dignitatis
981 3445 1225 3525 tuntum-vi,
1249 3467 1344 3536 quo·

298 3563 466 3626 tumeat
488 3559 635 3643 copiosi
657 3559 707 3624 ad
728 3561 919 3624 musculos
943 3557 1130 3622 accedunt
1153 3555 1343 3620 animales

298 3663 352 3751 (ς.
377 3665 469 3752 174.)
486 3709 497 3745 ,
514 3664 680 3730 vitalem
709 3665 961 3748 polaritatem
991 3665 1034 3728 in
1064 3666 1242 3732 carnibus
1274 3681 1344 3746 po·

298 3759 455 3846 nentes,
477 3775 514 3835 et
535 3769 1054 3853 bioticum'imponderabile
1078 3768 1344 3834 conducentes.

284 3875 501 3942 ¹Pertinent
529 3883 657 3939 autem
680 3877 801 3939 nervi
822 3877 1081 3940 musculorum
1103 3875 1343 3941 voluntario·

300 3997 388 4044 rum
419 3978 468 4043 acl
499 3978 692 4043 cerebrale
697 3985 908 4094 systema,
940 3986 978 4044 et
1011 3981 1045 4044 si
1076 3985 1230 4066 praeter
1257 3999 1342 4056 eos,

301 4083 369 4167 qui
402 4102 488 4147 cum
517 4079 671 4145 arteriis
697 4059 761 4170 (§·
795 4082 897 4166 1521.)
933 4084 1140 4160 accedunt,
1168 4083 1293 4170 aliqui
1322 4101 1348 4148 a

276 4187 468 4272 'gangliis
486 4187 742 4270 proveniant,
764 4187 870 4252 utin
889 4191 1072 4254 musculis
1093 4191 1184 4256 colli
1204 4197 1243 4256 et
1264 4190 1343 4274 pel·

215 4357 220 4371 ,
297 4309 388 4368 neos
423 4309 504 4358 esse
533 4293 654 4376 solet,
680 4292 812 4382 aliqua
841 4295 979 4360 saltam
1009 4293 1216 4380 filamenta
1244 4315 1267 4358 a
1288 4313 1342 4358 ce·
