2904 5004
277 429 335 496 ιη
359 397 851 496 Lre.11.car.-11.De,eet·
868 421 1280 486 eou‚coer.srer1u.

271 557 422 636 tidum,
443 556 546 622 unde
568 556 755 640 majorem
782 555 985 667 possident
1012 551 1318 636 eleaticltatem,

271 661 471 748 magisque
505 660 833 736 distensionibus,
862 665 907 725 ut
934 673 1028 745 opus
1059 660 1124 724 hic
1155 661 1320 728 omnino

271 774 350 841 est,
370 768 583 846 resistunt,
599 769 639 830 et
660 763 845 828 exhibent
865 764 984 845 simul
1003 761 1170 834 relaxati
1189 785 1322 850 euper-

269 868 402 946 ficiem
423 888 615 954 rugosam.
647 866 722 929 Ubi
742 865 854 940 nervi
876 884 1021 950 organa
1042 886 1228 932 sensuum
1251 874 1321 933 aut

270 993 406 1040 earnes
426 977 592 1042 subeunt
604 1013 616 1047 ,
643 971 859 1036 nevrilema
887 971 935 1036 ah
964 973 1013 1037 iis
1035 971 1213 1039 recedere
1231 975 1319 1057 piu·

256 1079 415 1143 ‘nimum
437 1081 561 1155 solet,
581 1077 822 1162 vertiturque
848 1075 891 1140 in
916 1081 1069 1141 textum
1083 1076 1320 1145 cellulosum

268 1183 428 1254 mollem
447 1187 486 1245 et
506 1181 712 1255 subtilem,
734 1179 820 1265 ipse
848 1199 940 1246 vero
968 1199 1110 1250 nervae
1136 1181 1320 1246 substan·

230 1315 235 1326 ·
266 1287 328 1352 tie
350 1287 480 1353 mollis
501 1295 540 1351 et
559 1287 786 1352 subcinerea
804 1283 994 1351 redditur.

914 1385 925 1418 s

261 1513 264 1518 .
351 1432 754 1515 Medulla'nervsa
783 1448 824 1514 in
850 1446 1000 1512 tubulis
1031 1445 1147 1512 modo
1179 1445 1320 1514 descri-

266 1546 346 1633 ptis
377 1551 622 1627 continetur,
640 1559 679 1616 et
705 1551 861 1616 videtur
890 1569 978 1614 cum
1010 1549 1219 1616 medullari
1232 1581 1236 1588 ·
1250 1572 1320 1614 en-

268 1652 421 1734 cephali
448 1655 671 1720 substantio
709 1653 841 1718 eadem
875 1653 1029 1736 penitus
1061 1675 1151 1719 esse.
1193 1657 1326 1719 Tenet

263 1754 436 1822 mediam
457 1757 560 1824 inter
583 1757 821 1824 substantias
842 1755 984 1826 fluidas
1005 1762 1043 1822 et
1064 1757 1209 1824 eolides
1226 1777 1317 1821 con·

265 1857 488 1922 sistentiam
502 1903 515 1937 ,
536 1861 654 1925 refert
681 1851 954 1945 pulpem'plus
982 1860 1111 1930 nunus
1140 1843 1316 1924 elbicen·

265 1967 379 2040 tem,
408 1963 577 2049 globulis
607 1964 808 2037 minimis,
840 1962 974 2027 variae
1007 1961 1316 2046 magnitudinis,

266 2067 369 2132 inter
390 2091 430 2134 ee
452 2071 750 2140 cohaerentibus
768 2071 837 2156 d),
859 2067 1113 2147 cunctantem.
1144 2065 1316 2136 Differre

209 2195 212 2204 ¹
266 2171 527 2247 substantiam
559 2173 816 2240 medullarem
840 2169 1021 2234 in·.variis
1050 2171 1166 2252 huius
1190 2176 1317 2256 eyste-

189 2343 194 2356 .
265 2274 384 2338 metis
406 2277 586 2360 pertibus
607 2276 671 2340 vel
694 2277 776 2358 ipse
797 2273 1159 2350 olfactoriusscum
1178 2274 1316 2340 nervis
1446 2279 1447 2304 ¹

250 2376 358 2460 eliis
391 2380 582 2458 collatus,
604 2378 798 2453 ostendite
819 2373 945 2460 figure
975 2375 1110 2454 enim,
1142 2377 1246 2444 color
1280 2383 1320 2444 et

264 2481 519 2546 consistentia
540 2503 625 2546 eam
645 2482 739 2547 setis
759 2480 930 2564 produnt
949 2479 1239 2559 differentiam,
1261 2483 1311 2548 li·

264 2589 323 2645 eet
342 2582 505 2650 delinire
526 2586 660 2652 stricte
677 2585 783 2650 houd
796 2586 1012 2669 possimus,
1027 2605 1124 2672 quae
1142 2586 1195 2652 eit
1207 2588 1309 2653 mix·

263 2687 384 2758 tionis
406 2695 445 2752 et
463 2695 641 2756 texturae
662 2689 846 2762 varietas.

345 2850 531 2928 Formant
552 2855 777 2940 systematis
803 2855 915 2920 istius
946 2857 1057 2940 nervi
1087 2878 1165 2926 non
1185 2877 1309 2943 pauca

264 2951 384 3030 stiam
412 2958 656 3041 ganglia,
687 2977 783 3042 quae
815 2957 1135 3028 intumescentiae
1165 2961 1311 3029 sistunt

261 3056 395 3122 variae
426 3060 712 3144 magnitudinis
743 3067 780 3124 et
812 3059 960 3144 figurae
991 3061 1190 3144 diversae,
1219 3065 1338 3129 fila-'

171 3193 175 3206 ·
261 3167 482 3226 mentorum
505 3185 757 3240 nerveorum,
786 3166 890 3230 haud
915 3172 1049 3244 tamen
1071 3167 1309 3254 interrupto·

261 3283 366 3339 rum,
387 3267 500 3332 vania
528 3265 828 3354 complicatione
839 3317 851 3348 ,
872 3270 979 3334 vasis
1004 3272 1237 3356 sanguileris
1270 3277 1309 3338 et

261 3371 482 3438 substantia
504 3375 713 3450 cellulosa‚
737 3374 872 3451 molli,
898 3377 1142 3453 succulenta,
1163 3395 1309 3462 purpu-

260 3495 349 3552 rea,
381 3479 486 3548 lutea
515 3483 579 3544 vel
613 3480 789 3559 cinerea,
819 3480 1052 3548 constantes.
1091 3483 1186 3548 Sunt
1213 3483 1309 3548 haec
1441 3547 1442 3590 ἢ

157 3669 161 3674 Ι
261 3581 422 3664 ganglia
437 3583 500 3660 vel
519 3582 753 3667 simplici
766 3604 806 3658 e,
828 3603 913 3647 cum
936 3605 955 3648 e
975 3583 1186 3652 filamentls
1207 3585 1307 3668 eius·-

260 3684 348 3752 dem
379 3689 489 3752 nervi
517 3695 816 3763 construuntur,
847 3709 1010 3774 quorum
1050 3689 1226 3773 exempla
1262 3687 1307 3752 in
1440 3763 1441 3778 χ

258 3789 470 3854 olfactorio
493 3798 532 3856 et
552 3791 681 3856 nervis
699 3790 975 3875 posterioribus
998 3791 1134 3876 spineo
1155 3787 1306 3856 medul-

257 3891 351 3960 laris
373 3895 581 3974 habemus;
602 3895 682 3960 alia
702 3901 794 3960 sunt
811 3895 970 3980 ganglia
997 3914 1046 3958 co
1060 3893 1306 3976 mpoeite,

258 3995 471 4078 eplurium
492 4019 699 4063 nervorum
729 3999 944 4064 filamentis
967 3995 1156 4072 conflate,
1174 3994 1309 4084 qualis
1439 4025 1440 4028 ¹

256 4105 350 4163 eunt
381 4100 719 4186 ophthalmicum,
751 4099 1151 4188 sphenopeletinum‚
1182 4098 1307 4166 cervi·

256 4205 362 4280 tale,
382 4204 590 4286 maxillam,
612 4210 683 4284 etc.
