2904 5004
311 449 372 526 ‚124
392 433 533 512 trau,
554 424 772 510 Gir,II‚De
788 439 990 508 sumnum,
1010 441 1124 491 conr.
1149 439 1316 494 suarem.

307 578 531 654 universum
556 572 721 643 dicitur,
743 568 938 634 desinunt.
961 570 1069 635 Alter
1081 563 1269 636 'arteriosi
1288 591 1358 657 sy-

306 680 484 766 stematis
504 674 694 760 generalis
726 678 883 736 truncus
907 673 1139 736 arteriae
1161 695 1185 758 p
1198 693 1223 738 n
1234 673 1249 736 l
1261 689 1298 736 m
1313 695 1358 737 o-

199 851 203 858 ,
285 781 448 853 -nalis
472 779 628 852 nomine
653 777 783 852 venit,
818 776 1013 860 egreditur
1043 777 1169 841 cordis
1204 779 1356 843 ventri·

308 885 437 949 culum
459 883 659 956 dextrum,
684 881 847 946 finditur
877 881 919 944 in
949 880 1041 946 duos
1067 883 1196 965 prius,
1219 903 1262 946 ac
1288 884 1356 947 de·
1421 895 1425 908 '

307 1005 414 1050 mum
438 987 478 1048 in
499 988 651 1067 plures,
673 985 741 1048 ubi
769 984 970 1067 pulmones
1003 985 1151 1050 accedit
1164 1033 1175 1067 ,
1199 1007 1356 1065 ramos,

307 1087 573 1154 subdividitur
608 1086 649 1150 in
682 1083 851 1151 surculos
882 1086 1168 1172 minores,squi
1197 1089 1360 1176 sangui·

307 1212 397 1276 nem
419 1190 575 1275 nigrum
602 1189 779 1276 capillari
796 1189 1026 1276 pulmonum
1045 1192 1253 1277 systemati
1277 1199 1359 1257 tra·

313 1295 423 1362 (lunis
1309 1287 1312 1296 Ι

391 1456 637 1542 Respondent
660 1455 815 1542 quidem
845 1454 1081 1522 arteriarum
1102 1448 1285 1524 numerus
1311 1463 1357 1522 et

308 1563 488 1636 volumen
508 1563 683 1646 partium
705 1567 744 1628 et
770 1576 1002 1642 organorum
1032 1561 1150 1640 moli3
1171 1562 1275 1626 aliae
1296 1567 1358 1626 ta·

308 1683 397 1730 men
431 1666 629 1750 pluribus,
662 1667 700 1726 et
729 1661 977 1746 paucioribus
1012 1661 1110 1742 aliae
1140 1663 1359 1729 informan-

308 1772 371 1852 tur
399 1757 555 1850 partas,
588 1785 673 1854 cum
697 1765 796 1840 aliae
827 1765 981 1836 arteriis
1001 1766 1116 1848 plane
1146 1765 1359 1830 destitutae

306 1880 506 1960 apparent.
529 1873 691 1956 Pulmo,
710 1869 845 1936 tunica
867 1891 1025 1936 mucosa
1046 1871 1201 1936 narium
1232 1876 1271 1936 et
1300 1871 1359 1936 in-

304 1976 539 2042 testinorum
552 2021 564 2056 ,
586 1972 798 2064 ch'oroidea
817 1974 944 2050 ocuti,
968 1975 1035 2058 pia
1058 1980 1202 2050 mater,
1235 1975 1357 2038 corti-

305 2078 404 2144 calis
427 2077 573 2142 cerebri
592 2077 835 2162 substantia,
858 2075 1065 2160 glandulae
1088 2077 1274 2161 quaevis,
1293 2077 1355 2142 vi·

302 2201 414 2268 scara
442 2179 681 2266 secernentia
712 2184 749 2243 et
779 2179 943 2244 musculi
974 2179 1151 2262 plurimis
1183 2181 1355 2266 gaudent

307 2277 475 2349 arteriis.
511 2280 712 2352 Pauciores
740 2285 889 2358 suntet
920 2281 1089 2346 minores
1113 2284 1155 2347 in
1183 2284 1358 2348 medulla

307 2369 455 2460 cerebri
476 2389 514 2448 et
535 2384 703 2468 spirali,
723 2385 765 2466 in
785 2383 1107 2473 cartilaginibus,
1128 2388 1357 2453 tendinibus

235 2531 239 2542 r
308 2493 346 2562 et
368 2487 616 2572 ligamentis,
652 2489 819 2574 denique
848 2486 1105 2568 paucissimae
1128 2489 1171 2553 in
1195 2479 1383 2576 ossibus„

302 2589 437 2654 Nullae
459 2611 547 2666 vero
572 2590 701 2677 detegi
723 2579 893 2674 bucdum
926 2595 1105 2672 poterant
1137 2590 1180 2655 in
1206 2590 1358 2675 epidor-

308 2691 438 2782 mide,
461 2693 502 2780 in
526 2689 720 2779 unguibus
743 2701 781 2757 et
809 2692 922 2776 pilis,
942 2693 983 2756 in
1008 2691 1268 2757 arachnoidea
1281 2735 1295 2770 ,
1317 2691 1358 2754 in

309 2795 536 2868 membrana
559 2795 709 2872 amplos
732 2801 770 2859 et
799 2795 965 2859 funiculi
986 2793 1226 2859 umbilicalis
1252 2797 1356 2882 gela·

307 2897 440 2973 tinosa
453 2937 463 2972 ,
477 2902 590 2982 atque
611 2897 788 2988 dentium
809 2897 934 2962 vitrea
955 2889 1186 2970 substantia.

380 3065 532 3149 'Figura
551 3065 785 3130 arteriarum
806 3065 1021 3149 generatim
1049 3063 1264 3152 cylindrica
1286 3070 1356 3144 ‚este

304 3167 399 3254 quia
429 3188 519 3233 vero
553 3169 657 3232 rami
687 3166 806 3244 alcuni
836 3169 954 3232 sumti
992 3168 1177 3247 maiorem
1206 3168 1356 3234 habent

304 3269 559 3352 capacitatem
590 3289 705 3356 quam
737 3270 975 3355 principales
1010 3269 1161 3346 trunci,
1184 3276 1355 3355 systema

302 3375 430 3441 isthoc
454 3389 594 3440 conum
613 3373 754 3448 refert,
767 3374 870 3458 cujus
893 3371 996 3438 ba'sis
1016 3373 1280 3457 peripheriam
1294 3418 1306 3452 ,
1318 3380 1355 3438 et

305 3497 400 3560 apex
417 3482 617 3542 truncatus
637 3497 701 3542 cor
725 3477 893 3561 respicit.
916 3477 1134 3552 Diramatio
1162 3484 1200 3542 et
1223 3479 1355 3546 decur-

305 3600 366 3644 sus
397 3580 629 3644 arteriarum
662 3581 826 3645 rariores
863 3579 1048 3643 exhibent
1085 3582 1351 3648 aberrationes

307 3699 423 3767 quam
455 3702 665 3757 venarum,
686 3683 787 3769 quod
815 3683 996 3746 altiorem
1021 3703 1152 3748 earum
1187 3687 1352 3752 manife-

304 3789 385 3850 stat
414 3785 671 3870 dignitatem
692 3782 918 3868 profundius
954 3785 1074 3850 etiam
1106 3790 1144 3851 et
1173 3787 1352 3870 partibus
1438 3799 1439 3802 ’

297 3887 482 3952 mollibus
504 3889 710 3954 immersae
736 3886 886 3965 iacent,
910 3905 982 3970 quo
1015 3889 1062 3951 ab
1090 3885 1257 3950 externis
1294 3891 1354 3950 tu·
1438 3887 1439 3946 l

301 3999 365 4056 tae
386 3991 596 4056 redduntur
617 3990 796 4074 injuriis3
815 4009 859 4052 ea
882 3988 926 4054 de
949 4009 1063 4054 causa
1084 3989 1201 4053 etiam
1224 3989 1267 4052 in
1291 4009 1350 4054 ar·
1438 3970 1439 3998 l

300 4101 411 4162 tuum
442 4075 599 4161 ilexuris
622 4095 811 4160 locantur.
848 4095 1038 4162 Venarum
1059 4092 1159 4157 rami
1184 4092 1348 4178 majores

302 4203 467 4268 arterias
505 4200 649 4286 ubique
680 4203 803 4264 ferme
843 4191 1109 4273 comitantur,
1143 4195 1244 4281 quod
1273 4215 1351 4260 non

299 4305 413 4396 modo
441 4303 643 4388 iubarum
675 4308 877 4390 tutamen,
907 4321 1041 4368 verum
1074 4298 1282 4388 praecipue
1308 4317 1349 4364 ex
1437 4311 1438 4405 p
