2920 4998
164 405 171 424 ·
260 409 342 459 eea
362 389 508 458 Lrnll.
529 383 677 455 csnll.
697 383 757 448 De
770 396 1275 478 asomumcoepsrsrsu.

727 535 757 608 ς.
805 536 876 625 198.

686 719 781 788 Fab
795 721 837 786 ri
851 741 869 783 c
883 740 931 822 a..

364 886 561 970 Accipiunt
602 883 807 970 glandulae
838 883 993 966 aliquae
1023 885 1272 952 involucrum
1301 901 1330 950 ιι

280 991 416 1058 serosis
448 987 686 1055 membranis
718 984 780 1070 (ς.
818 988 921 1074 126.)
932 1027 942 1060 ‚
970 987 1071 1052 unde
1102 989 1328 1073 superficies

282 1093 435 1172 earum,
454 1099 498 1158 ut
519 1094 561 1161 in
578 1093 718 1172 hepate
736 1091 952 1166 cernimus,
974 1094 1109 1176 glabra
1126 1093 1325 1173 redditum

212 1211 216 1224 ⁴
281 1178 382 1266 aliae
414 1196 570 1280 capsula
590 1193 749 1290 propria
780 1192 1063 1269 includuntur,
1077 1195 1216 1282 quod
1205 1217 1247 1262 ιιι
1267 1219 1329 1262 re-

281 1303 396 1369 nibus
427 1299 622 1366 νίᾶθιιιιιιι
652 1286 816 1382 denique
849 1304 939 1360 sunt
967 1298 1089 1378 aliae,
1115 1317 1211 1385 quae
1240 1303 1325 1366 solo

167 1387 169 1400 '
255 1429 259 1438 ·
281 1407 391 1470 textu
413 1397 618 1476 cellulum,
637 1385 850 1464 introrsum
871 1398 1067 1476 densiore,
1089 1401 1329 1486 pinguedine

256 1501 407 1573 ·rarius
437 1502 607 1580 referto,
628 1491 883 1575 amiciuntur,
907 1507 945 1565 et
974 1505 1152 1586 partibus
1184 1506 1326 1572 vicinis

256 1627 259 1635 ·
281 1611 473 1676 filamen
446 1616 495 1674 trs
524 1605 737 1672 rarioribus
766 1611 985 1672 nectuntur
1018 1608 1303 1679 velamentis”
1277 1633 1326 1678 us

243 1717 245 1720 ’
282 1715 628 1806 perenchyma
648 1705 921 1794 glandularum
944 1708 1138 1778 inclusum
1165 1717 1330 1795 nasset,

147 1845 156 1866 «
256 1819 386 1907 'quod
414 1818 663 1881 vasculorum
693 1813 837 1877 diversi
859 1815 1008 1896 generis
1031 1811 1329 1900 complicatione

282 1931 323 1993 et
343 1928 452 1988 textu
481 1919 664 1983 celluloso
696 1915 921 1981 absolvitur.
955 1918 999 1981 In
1017 1917 1212 2004 glandulis
1235 1923 1329 1987 ssli-

284 2027 459 2101 valibus‚
478 2021 759 2118 lacrymalibus
789 2017 898 2083 etin
922 2019 1128 2102 pancr'eate
1149 2025 1329 2090 substan·

284 2134 346 2199 iia
382 2126 622 2214 glandularia
658 2121 840 2206 plurimis
875 2127 1027 2186 constat
1055 2127 1331 2208 portionibus,

285 2242 395 2302 textu
420 2233 604 2298 c'elluloso
626 2227 833 2313 segregatis
844 2265 856 2306 ‚
874 2235 973 2311 'quae
995 2223 1106 2294 lobi
1123 2231 1306 2298 dicuntur
1316 2251 1333 2312 ς·

287 2339 369 2404 lobi
386 2337 470 2403 hie
487 2331 730 2421 minoribus,
751 2335 865 2416 atque
887 2330 953 2396 isti
972 2332 1113 2398 lohulis
1139 2337 1330 2414 minimis,

263 2479 266 2486 ·
287 2465 354 2509 seu
377 2441 550 2508 acinis
567 2439 756 2504 constant.
788 2433 831 2497 In
851 2433 991 2516 hepate
1009 2441 1045 2504 et
1068 2439 1229 2505 renibus·
1258 2457 1326 2526 pa.

288 2545 498 2631 rencbyma
514 2541 625 2606 lobos
648 2536 775 2604 nullos
805 2535 981 2611 exhibet,
1000 2549 1133 2609 verum
1161 2561 1329 2609 massam
1449 2526 1451 2537 ¹

201 2671 204 2682 ¹
286 2653 418 2737 potius
432 2647 635 2730 constituit
652 2647 932 2742 homogeneam
952 2639 1073 2704 ferme
1084 2683 1095 2716 ,
1115 2647 1235 2714 acinis
1254 2648 1328 2714 mi·

287 2757 406 2824 nimis
428 2753 658 2828 c'onilatam,
679 2747 776 2815 alibi
805 2747 1030 2832 diligentius
1050 2751 1327 2832 epronendam

290 2865 346 2930 Ob
377 2860 536 2926 eandem
568 2873 716 2920 massae
759 2851 1033 2938 aequalitatem
1064 2871 1207 2938 organa
1237 2855 1344 2921 haeo'

289 2965 531 3062 marginibus
554 2963 677 3048 magis
706 2957 950 3047 aequalibus,
976 2972 1090 3043 quem
1122 2960 1327 3042 glandulae

290 3055 529 3176 memoratae
550 3068 781 3132 lacerentur.
815 3061 1018 3127 Glandula'
1029 3063 1222 3144 presiate,
1241 3072 1330 3131 ton.

176 3223 179 3230 .
291 3183 403 3278 sillae
422 3183 460 3243 et
479 3159 700 3262 muciparae
721 3187 853 3233 omnes
872 3166 1010 3239 molle,
1031 3167 1230 3250 fermeque
1247 3173 1333 3250 psl

292 3272 427 3378 pesum
454 3281 610 3346 habent
646 3275 938 3360 perenchyma,
962 3271 1090 3335 nullos
1121 3271 1230 3334 lobes
1268 3283 1336 3336 eut.

294 3389 424 3453 acinos
445 3383 641 3447 exhibens.
674 3378 847 3459 Denique
867 3373 1074 3458 peculiaris
1099 3379 1154 3437 est
1175 3375 1334 3439 testium
1457 3433 1458 3468 3

296 3499 333 3555 et
356 3502 613 3552 mammarum
641 3481 810 3555 fabrica,
832 3479 910 3542 suis
942 3477 1036 3544 locis
1058 3475 1334 3562 disquirenda,

297 3599 333 3658 et
363 3587 534 3674 possidat
555 3601 667 3649 omne
697 3599 893 3648 secernens
921 3598 1091 3665 organon
1113 3583 1333 3666 propriam,

254 3703 259 3712 '
298 3694 450 3773 sibique
481 3683 778 3751 convenientem
798 3689 994 3768 texturam
1018 3691 1070 3750 et
1079 3687 1337 3771 organisatio

418 3791 470 3877 (l.
500 3764 559 3871 Ι58
565 3790 604 3874 ),
631 3789 733 3854 uude
759 3787 921 3877 propria
947 3787 1068 3872 etiam
1099 3787 1338 3878 intelligitur
