2902 4996
257 360 319 444 296
339 345 658 450 Lrn.11.0ur.,111.
678 349 871 466 instram.
894 345 1074 418 s'rrcrar..
1095 361 1256 418 consm-

261 501 485 573 attrahant,
507 517 620 584 seque
641 494 834 578 repellant
863 495 1126 578 homogenaea
1137 535 1150 572 ,
1182 492 1306 578 quod·

166 685 169 696 η
261 605 603 692 ᾳιιεΕ-Ιτεῒείὶαω
635 601 818 667 exhibeat
849 602 1171 699 lucentem,·cum
1205 603 1234 668 E
1262 635 1309 656 -·

258 699 382 794 igneo,
395 711 579 775 fasciculo
603 711 737 794 fulget.
760 698 910 772 Tenent
927 709 1096 774 aliicum
1117 707 1306 796 Fpanlz·

261 815 340 880 lin
353 835 399 892 o,
420 809 683 892 differentiam
705 831 790 874 eam
804 801 917 879 'nihil
938 830 1017 876 essa
1037 809 1164 890 aliud,
1186 830 1309 898 quem

243 937 456 1002 *excessum
486 918 548 980 vel
579 915 770 980 defectum
813 915 1094 982 electricitatis.
1123 915 1309 1000 Pugnant

265 1025 395 1085 autem
416 1039 485 1104 pro
509 1041 552 1082 ea
574 1017 790 1094 sententia,
811 1035 886 1101 qua
909 1013 1068 1082 credunt
1092 1017 1309 1100 positivam

218 1137 221 1149 '
263 1124 559 1212 electricitatem
594 1123 802 1207 negativae
832 1123 1054 1208 oppositam
1082 1120 1187 1190 haud
1209 1143 1309 1202 essa,

261 1245 396 1312 verum
421 1225 542 1308 gradu
562 1217 716 1289 tantum
739 1221 898 1304 differre
928 1228 990 1291 ab·
1008 1227 1201 1306 invicem,
1236 1229 1309 1292 ob·

261 1329 504 1396 servationis
524 1330 668 1397 variae.
691 1315 830 1396 Ea'dem
853 1330 957 1395 enim
976 1331 1227 1418 corporajam
1237 1352 1310 1415 po-

258 1436 421 1499 sitivam
433 1477 446 1511 ,
467 1433 547 1516 jam
568 1454 659 1498 vero
679 1433 902 1518 negativam
922 1435 1132 1502 ostendunt
1152 1438 1311 1502 electri·

260 1538 444 1612 citatem,
470 1542 587 1620 prout
618 1539 692 1602 hoc
717 1538 780 1604 vel
803 1537 882 1602 ali'o
899 1539 1093 1606 fricantur
1123 1560 1307 1623 corporee

262 1642 318 1709 sic
338 1642 449 1728 niger
467 1643 633 1714 sericeas
653 1631 805 1726 pannus
824 1642 1020 1726 positivus
1041 1642 1089 1708 fit
1107 1664 1195 1708 cum
1217 1663 1308 1710 cera

240 1743 462 1827 ..hispanica
473 1785 484 1818 ,
507 1750 550 1808 st=
563 1743 705 1828 accipit
721 1743 946 1828 negativam
976 1745 1271 1810 electricitatem
1298 1790 1311 1824 ‚

260 1843 330 1908 ubi
355 1865 440 1908 cum
464 1846 552 1910 albo
573 1845 717 1910 sericeo
735 1866 864 1929 panno
885 1846 1072 1924 fricatum
1091 1843 1133 1911 id
1160 1864 1312 1928 corpus,

264 1948 366 2034 quod
391 1949 604 2031 positivum
625 1948 673 2013 fit
693 1969 781 2014 cum
813 1948 936 2048 serico
960 1949 1074 2032 nigro
1086 1987 1097 2023 ,
1119 1967 1206 2010 cum
1227 1949 1314 2032 pel·

60 2121 80 2144 ,,
167 2039 170 2048 ’
263 2054 367 2119 libus
385 2053 611 2137 negativum
639 2054 839 2134 redditum
867 2051 971 2118 idem
997 2057 1199 2135 praeterea
1228 2069 1313 2116 me·

265 2158 406 2222 tallum
430 2177 516 2223 cum
536 2157 673 2223 resinis
692 2157 739 2220 fit
756 2155 998 2239 positivum,
1022 2159 1060 2218 et
1080 2153 1311 2238 negativum

262 2277 350 2324 cum
368 2261 484 2324 vitro.
508 2259 545 2324 Si
569 2259 658 2324 dein
680 2261 949 2343 phaenomena
972 2262 1190 2341 spectemus
1210 2257 1314 2322 utri-

262 2383 385 2452 usque
406 2363 576 2428 electi-ici
597 2369 739 2445 status,
760 2363 893 2428 eadem
913 2369 1026 2441 sunt,
1052 2361 1210 2445 solaque
1221 2365 1315 2428 tan·
1432 2346 1436 2357 ¹

263 2471 350 2530 cum
375 2467 594 2530 intensione
614 2464 805 2532 diffemnc
826 2469 883 2555 e).

346 2593 390 2690 3)
410 2605 529 2669 Ponit.
560 2605 789 2672 electricitas
819 2599 1084 2688 mechanicos,
1117 2609 1311 2676 chemicos

265 2713 304 2778 ct
327 2707 552 2796 dynamicos
570 2707 729 2775 effectus
751 2712 793 2776 in
815 2713 1039 2797 corporibus
1057 2709 1192 2779 variis.
1217 2716 1315 2778 Cum
1437 2787 1438 2793 ἵ

264 2811 452 2877 videlicet
475 2831 610 2896 corpus
632 2813 790 2900 aliquod
814 2817 1036 2882 electricum
1059 2817 1129 2892 fit,
1162 2816 1314 2882 virium

200 2932 203 2935 ’
263 2914 550 2998 repulsivarum
569 2921 605 2979 et
618 2918 916 2982 attractivarum
936 2919 1214 3003 aequilibrium
1226 2939 1314 3002 per-

181 3043 182 3050 *
265 3011 466 3082 turbatum
497 3023 554 3082 est
573 3058 584 3092 ‚
606 3023 643 3082 st
673 3019 900 3083 observatur
929 3021 1035 3084 nisus
1067 3021 1311 3105 peculiaris,

295 3140 344 3184 uo
370 3115 526 3185 eaede'm
549 3121 650 3185 vires
683 3097 731 3184 ad
762 3123 974 3206 pristinum
1010 3127 1155 3188 statum
1190 3121 1317 3187 redire

271 3243 288 3286 s
318 3230 475 3308 tegunt.
499 3223 633 3290 Se'rva't
648 3232 776 3290 autem
797 3227 829 3289 is
850 3227 995 3291 virium
1018 3229 1123 3293 nisus
1154 3227 1314 3314 quibus·

267 3323 360 3388 dam
380 3327 421 3390 in
446 3327 669 3409 corporibus
698 3334 841 3392 certam
869 3327 1124 3395 directionem
1154 3331 1230 3412 (po
1247 3328 1319 3392 la·

264 3421 528 3526 ritatem)=
552 3430 607 3494 sic
631 3430 880 3494 Turmalinus
901 3432 1111 3496 calefactus
1129 3435 1230 3494 lucet
1241 3471 1253 3509 ,
1265 3430 1318 3494 si·

268 3529 429 3614 mulque
451 3531 651 3598 electricus
671 3529 738 3609 fit,
763 3537 801 3596 et
824 3533 982 3596 exhibet
1009 3551 1086 3598 uno
1120 3532 1198 3597 fine
1231 3551 1318 3620 cry-

268 3634 380 3699 stalli
399 3634 632 3717 positivam,
657 3638 778 3701 altero
802 3657 893 3708 vero
912 3637 1138 3720 negativam
1165 3636 1319 3728 electri·

271 3740 459 3819 citatem
487 3749 577 3806 sunt
605 3748 807 3824 praeterea
834 3743 1103 3825 phaenomena
1133 3739 1317 3806 electrina

267 3843 465 3926 plurima,
487 3863 584 3928 quae
609 3865 693 3910 eam
708 3846 961 3927 comprobant
981 3845 1233 3928 polaritatem
1244 3883 1256 3920 ,
1273 3847 1318 3908 ut

269 3945 313 4014 in
340 3946 487 4030 lagenis
525 3949 755 4014 Kleistianis
783 3949 855 4013 'vel
894 3948 1073 4026 maxime
1111 3947 1316 4034 cernimus,
1440 3961 1441 3964 ’

269 4051 449 4129 eoncitat
469 4056 598 4132 alitem
628 4054 821 4137 positivus
849 4053 1173 4131 contractionem,
1192 4056 1230 4114 et
1251 4069 1317 4116 nc·

268 4160 424 4240 gativus
436 4147 709 4239 expansionem
720 4197 730 4233 ,
742 4157 837 4222 adeo
848 4162 912 4236 ,ut
931 4158 1040 4239 prior
1054 4150 1316 4222 inflammabi-

203 4329 205 4340 ,
268 4259 394 4342 libus,
413 4259 581 4330 hisvero
599 4259 1043 4354 oxygoniclopponatur.
1065 4255 1227 4332 Accidit
1238 4269 1317 4324 nou
