2904 4996
386 154 397 189 l

903 231 964 272 yx

728 287 919 344 ¹,⁸

244 377 247 386 “
325 395 450 484 ‚erce
471 393 501 458 1.
520 385 580 458 ne
601 393 795 459 resersus
817 354 1012 461 sineris.
1106 375 1115 393 ‘
1153 395 1194 476 ss

131 535 240 616 haud
269 541 472 634 continent
502 545 695 627 terrarum
726 507 1012 626 quantitatem,
1038 549 1185 632 quanta

134 644 287 708 ossibus
319 643 487 727 aliisque
517 637 694 726 partibus
724 643 846 720 inest,
868 663 1010 734 perque
1026 649 1183 714 urinam

131 755 171 812 et
194 749 292 810 alias
316 746 552 811 exorationes
573 743 823 820 eliminatur,
846 746 1007 812 dubium
1029 752 1182 816 nullum'
1294 811 1301 823 ‚

131 853 329 934 superest,
357 851 404 915 ab
431 851 516 933 ipso
537 849 760 932 organismo
789 851 1056 934 eassproduci3
1082 856 1183 938 quod
1287 843 1290 850 ⁴

133 954 292 1039 quidem
314 951 502 1019 adductae
522 950 815 1018 ohservationes
837 949 857 1033 (
869 961 906 1052 §.j
919 955 1004 1040 23.)
1026 958 1184 1039 penitus

133 1059 330 1122 evincunt.
358 1123 367 1138 ,

118 1243 122 1252 ,
218 1199 262 1284 3)
283 1203 420 1282 Aqua
454 1196 568 1262 basin
599 1189 807 1263 constituit
840 1202 1014 1268 omnium
1042 1203 1185 1269 humo*

133 1320 221 1370 rum
244 1306 428 1372 animalis
452 1301 646 1386 corporis,
663 1307 702 1366 et
727 1303 927 1372 obtinetur
950 1307 1186 1384 destillatio*

131 1429 180 1473 ne
213 1409 316 1474 sicca
342 1431 386 1472 ex
419 1395 555 1472 solidis
589 1423 737 1490 quoque
773 1407 973 1488 partibus,
998 1409 1113 1487 adeo,
1142 1415 1187 1474 ut

133 1525 269 1594 corpus
303 1510 519 1578 humanum
561 1507 609 1572 ad
647 1527 766 1590 unam
800 1512 978 1596 quintam
1005 1517 1215 1596 ponderis„

130 1622 286 1699 partem
317 1615 449 1681 reduci
479 1615 634 1698 possit,
667 1613 814 1678 abactis
846 1605 1076 1686 humoribus
1108 1623 1187 1706 ι·”“)ι

130 1718 411 1800 suppeditatur
442 1716 600 1802 quidem
633 1713 858 1800 organismo
884 1719 1056 1787 humano
1087 1743 1188 1810 aqua

94 1865 100 1886 .
130 1825 182 1888 ab
202 1829 362 1888 externa
383 1826 547 1900 natura,
570 1841 668 1920 quae
690 1831 775 1884 cum
801 1821 888 1885 cibo
909 1829 947 1886 et
968 1833 1187 1913 potu,1>er-

39 1931 41 1936 ’
132 1943 207 2012 que
238 1926 525 2020 inlralationem
554 1926 654 1990 cutis
683 1924 724 1994 in
743 1921 883 2008 corpus
913 1927 1105 2018 defertur,
1123 1953 1189 1996 ea··

133 2032 222 2092 dem
256 2011 389 2093 tamen
423 2049 523 2114 aqua
554 2029 596 2092 in
625 2047 697 2092 sua
726 2029 941 2094 resolvitur
969 2034 1187 2118 principia,
1296 2099 1298 2110 ,

132 2138 346 2217 antequam
376 2133 580 2195 materiem
607 2109 744 2194 subeat
769 2134 992 2217 organicam
1015 2135 1065 2213 (ς.
1085 2141 1220 2224 78.);'

132 2254 203 2299 nec
228 2235 417 2300 dubitare·
436 2234 528 2298 licet
540 2275 551 2308 ,
573 2231 884 2298 chemino-vitali
912 2255 1089 2322 processu
1117 2264 1188 2328 p0.·

132 2339 236 2402 laria
257 2339 438 2424 conjungi
458 2337 678 2422 principles
698 2342 737 2402 et
757 2333 884 2421 ipsam
915 2357 1056 2428 aquam
1080 2349 1189 2417 intra

134 2443 363 2523 organicum
395 2441 572 2526 generari
613 2459 784 2523 corpus,
822 2441 922 2526 quod
957 2449 1190 2518 sacrationes

134 2564 302 2631 aquosae
319 2546 361 2610 in
385 2552 489 2610 statu
509 2546 687 2609 morboso
710 2547 934 2614 ostendunt

224 2711 267 2797 Δ)
300 2711 639 2804 Atmosphaerious
671 2713 737 2779 a'e‘r'
766 2701 821 2776 in
842 2708 1042 2812 quibusvis
1084 2721 1190 2792 cavis

135 2819 315 2921 organis,-
334 2815 376 2884 in
401 2815 504 2881 vasis
526 2823 564 2894 et
586 2818 813 2886 interstitiis
836 2807 1106 2910 cellularibus
1105 2831 1192 2896 anie

137 2915 254 2990 malis
277 2920 449 3022 corporis
473 2920 664 2986 contineri
685 2921 863 2999 videtur,
877 2929 1041 2994 animali
1056 2938 1192 3010 temen

137 3025 361 3094 substantia
373 3025 693 3109 impraegnatus.
729 3026 929 3094 Invenitur
955 3032 1052 3096 haec
1088 3039 1188 3103 ae'ris

135 3130 305 3215 species,
325 3147 422 3214 quae
443 3129 491 3190 oh
519 3129 755 3210 peculiarem
785 3129 949 3196 odorem·
968 3155 1053 3218 gas
1084 3133 1200 3204 ani„
1279 3175 1281 3180 ,
1348 3207 1351 3214 r

136 3243 177 3298 m
190 3235 270 3297 ala
290 3231 432 3296 dicitur
443 3272 454 3304 ‚
466 3230 508 3294 in
531 3229 786 3296 cadaveribus
804 3241 977 3316 recenter
997 3249 1189 3310 mactato*
1220 3286 1224 3295 ι

135 3346 225 3406 rum
257 3333 515 3412 animalium·
547 3333 759 3398 extricetur
781 3355 810 3396 e
837 3338 1016 3420 partibus
1050 3345 1190 3416 solidis

136 3440 210 3504 sub
229 3458 417 3523 campana
440 3435 586 3501 antliae
606 3437 904 3521 pneumaticas,
931 3447 970 3505 et
989 3445 1190 3517 obtinetur·

138 3559 161 3616 θ’
182 3551 370 3636 sanguine
391 3549 506 3614 modo
530 3549 707 3613 exmisso.
732 3549 940 3616 conservat
953 3553 994 3628 ,is
1016 3555 1081 3621 ae‘r
1100 3573 1191 3642 par.

138 3655 240 3718 tium
259 3660 456 3738 turgorem
491 3658 529 3716 et
557 3650 725 3737 impedit
753 3642 980 3722 cellularum
1011 3651 1049 3722 e't
1076 3669 1188 3726 vaso-

138 3767 227 3824 rum
250 3758 461 3841 collapsum
485 3775 527 3820 ac
549 3757 848 3821 concretionem.
879 3759 977 3841 Quia
997 3773 1086 3828 vero
1117 3769 1189 3831 via

140 3857 368 3924 talis'tur
376 3877 464 3941 gor
485 3854 639 3942 aequali
657 3875 696 3918 se
715 3855 835 3920 habet
852 3847 1003 3924 ratione
1016 3841 1109 3928 ¹'cum
1128 3869 1189 3931 vi··

143 3964 208 4026 ta'e
229 3961 385 4044 energia
403 3962 448 4043 a)
461 3959 663 4034 ,lanimale
697 3966 992 4078 gasstanquam
1012 3969 1190 4046 proxima

144 4065 389 4148 expansionis
412 4063 492 4145 ejus
514 4081 648 4136 causa,
667 4063 885 4147 peripsum
913 4068 1080 4147 vitalem
1102 4093 1210 4156 pro-¹

144 4168 295 4234 licitur
297 4187 526 4252 processum.
548 4159 646 4231 Hinc
676 4167 797 4250 igitur
819 4191 844 4231 e
841 4173 896 4244 st,
922 4173 1049 4255 quod'
1038 4180 1198 4279 Juveni.

143 4267 181 4338 le
202 4280 240 4338 et
266 4292 402 4337 sanum
436 4291 570 4354 corpus
600 4272 813 4354 plurimum
840 4279 1015 4360 turgeat,
1038 4287 1076 4346 et
1098 4289 1189 4366 par
1275 4284 1286 4296 ⁴

71 4464 76 4481 s
180 4386 418 4460 LEunossE'lt
437 4393 612 4480 Pltysiol
635 4393 734 4458 med.
755 4395 835 4459 v01
855 4398 911 4461 ll
982 4401 1010 4464 B
1123 4399 1125 4402 ’
