2920 4998
197 425 202 435 ·
305 402 368 483 ⁸58
388 381 532 465 L1r.'11.
552 395 638 461 css.
648 393 711 460 111.
732 393 924 461 Ircrrau.
945 403 1119 460 sarorio.
1141 407 1300 460 rorem.

308 543 409 608 a‘e‘ris
433 540 600 604 densitas
626 537 865 622 frequentius
895 541 1095 614 mutatur,
1123 537 1345 619 frequentes

308 645 485 712 adferant
507 645 672 710 morbos.
693 642 935 726 Intelligitur
960 661 1096 724 porro,
1127 661 1244 727 quare
1272 645 1344 708 ho·

309 751 452 824 mines,
481 751 649 815 altorum
668 745 861 810 montium
881 745 1081 811 cacumina
1113 745 1344 810 adscenden·

306 861 385 930 tes,
407 861 474 919 aut
495 854 561 938 qui
582 851 706 936 globis
731 844 973 913 adrestatiois
994 846 1042 910 ad
1061 867 1229 914 summas
1251 871 1345 916 avo-

309 959 393 1021 lant
419 954 667 1027 altitudines,
689 951 835 1016 virium
864 971 977 1032 saepe
1009 951 1347 1033 prostrationem,

305 1058 477 1142 aliasque
499 1052 742 1138 experiantur
757 1051 969 1117 molestias.
992 1054 1149 1120 Constat
1169 1059 1342 1136 praeter·

309 1181 354 1224 ea
382 1157 673 1231 observatione,
704 1153 805 1239 quod
825 1153 934 1218 varia
958 1155 1056 1220 a'e'ris
1077 1156 1246 1218 densitas
1259 1175 1346 1238 per·

307 1261 563 1346 spirationem
584 1263 708 1322 mutet
726 1247 1004 1342 vegetabilium
1027 1265 1066 1323 et
1084 1258 1345 1322 animaliums

220 1423 225 1432 ,
306 1365 392 1447 plus
413 1361 633 1446 perspirant
653 1360 812 1454 plantae
831 1361 977 1444 alpium
1009 1379 1124 1446 qpam
1154 1359 1345 1438 vallium,

197 1497 200 1504 ·
307 1477 360 1552 et„
375 1467 559 1549 comperit
583 1467 665 1530 Joh.
688 1465 863 1530 Parnon!
878 1507 888 1540 ‚
902 1466 1183 1532 condensatum
1216 1468 1346 1531 atram

309 1570 482 1634 carnium
506 1571 674 1634 coircere
697 1569 953 1653 putredinem.
977 1568 1091 1634 Varia
1121 1568 1219 1633 a'e'ris
1252 1569 1345 1636 deu·

295 1673 431 1749 ¹sitas,
453 1690 548 1757 quae
571 1672 685 1736 certis
710 1669 803 1734 anni
824 1671 1063 1754 temporibus
1082 1673 1241 1755 propria
1263 1677 1347 1748 est,

306 1775 452 1838 morbis
485 1771 731 1856 epidemicis‚
760 1778 798 1835 et
826 1771 1079 1836 stationariae
1112 1773 1342 1838 morborum

307 1871 600 1950 constitutioni,
622 1874 752 1961 aliqua
772 1873 910 1940 saltem
931 1878 1040 1957 parte
1060 1893 1218 1938 causam
1233 1894 1349 1959 prae·

311 1977 402 2043 hare
425 1973 577 2041 videtur
597 1975 658 2061 b).

364 2119 430 2206 ,o)
456 2117 527 2182 Nec
549 2118 676 2184 minor
698 2123 754 2181 est
774 2117 873 2182 atiris
896 2106 1192 2201 atmosphaerici
1214 2121 1255 2184 in
1279 2143 1344 2186 or-

306 2223 484 2306 ganicum
508 2241 641 2304 corpus
663 2221 902 2306 actio,quam
923 2221 1146 2286 alastica
1168 2243 1234 2288 sua
1257 2245 1345 2287 exe·

306 2324 359 2390 rit
380 2324 445 2396 vi,
471 2341 591 2404 quava
611 2320 779 2404 corporis
791 2321 975 2386 renititur
990 2323 1232 2388 elasticitati.
1256 2328 1345 2390 Ori-

305 2429 368 2488 tur
392 2424 532 2488 exista
552 2423 699 2496 virium
727 2421 968 2506 oppositione
1005 2425 1109 2492 inter
1139 2429 1268 2491 ae'rem
1300 2435 1341 2492 et

305 2541 464 2608 corpora
482 2523 664 2608 organica
686 2523 789 2590 lusus
812 2523 978 2608 quidam
990 2534 1207 2610 perpetuus,
1222 2530 1264 2594 in
1274 2551 1342 2594 va·

306 2626 535 2710 gatabilium
558 2631 596 2689 et
620 2623 851 2695 animalium
873 2626 1049 2708 partibus
1082 2631 1305 2712 conspicuus
1329 2677 1342 2710 ,

305 2753 372 2802 scu
393 2728 676 2818 oscillatio
699 2727 911 2804 vitalis,
936 2748 1033 2815 quae
1056 2739 1342 2799 momentosam

306 2817 510 2918 corporum
532 2829 834 2894 individualium
857 2832 1062 2896 constituit
1080 2833 1274 2898 actionem
1285 2837 1342 2923 c).

305 2936 396 3004 Inde
417 2935 539 3021 igitur
560 2939 637 3008 est,
659 2931 759 3018 quod
781 2931 921 2996 elatsre
944 2934 1348 3014 airisimminutomt
1446 2993 1447 3002 ,

302 3035 344 3100 in
358 3034 446 3099 altis
461 3054 539 3098 esse
550 3034 649 3098 solet
661 3031 908 3118 regionibus,
920 3039 958 3097 et
975 3038 1059 3116 tum
1069 3073 1080 3110 ,
1092 3035 1160 3100 ubi
1173 3035 1343 3120 copiosis

300 3138 464 3203 refertur
486 3136 615 3219 aqueis
627 3135 829 3218 particulis
842 3175 852 3209 ‚
866 3137 928 3198 vel
941 3141 1050 3197 aucta
1069 3136 1279 3202 admodum
1294 3159 1343 3203 ea

301 3243 342 3309 vi
355 3283 365 3318 ,
378 3239 489 3327 quod
510 3240 551 3302 in
574 3257 788 3322 compresso
807 3239 869 3301 vel
890 3224 1072 3304 calefacto
1098 3243 1185 3304 a'e‘re
1216 3243 1343 3306 cerni-

301 3364 385 3408 mus
398 3384 408 3416 ,
431 3339 708 3427 aequilibrium
734 3340 1000 3421 perturbetur,
1023 3340 1181 3427 ipsaque
1203 3343 1341 3426 vitalis

303 3448 494 3516 oscillatio
515 3443 657 3530 ajusto
681 3439 860 3506 deflectat
883 3443 1013 3526 gradu.

299 3607 302 3616 ·
386 3588 430 3670 3)
473 3571 657 3648 Conducit
687 3577 790 3644 idem
817 3579 980 3644 fluidum
1010 3563 1167 3657 sonum,
1195 3602 1341 3668 suaque

301 3681 1339 3774 pelluciditateluminisetiamradios‚cumqui-

220 3837 222 3842 -
301 3791 372 3858 bus
395 3787 571 3872 exiguam
598 3787 728 3849 fovere
760 3781 911 3869 videtur
940 3785 1213 3851 attractionem
1232 3783 1284 3870 (ς.
1302 3807 1336 3887 9τ
1437 3851 1438 3886 1

197 3897 199 3902 ’
302 3915 341 3962 n.
361 3897 391 3963 6.
401 3896 461 3980 b.)
473 3934 484 3969 ,
500 3889 597 3954 unde
621 3884 769 3951 auditui
789 3890 826 3949 et
847 3885 950 3950 visui
972 3885 1147 3952 inservit.

383 4047 420 4132 4)
441 4045 565 4110 Variis
589 4043 750 4130 denique
773 4041 897 4106 modis
918 4043 1020 4110 idam
1053 4041 1338 4136 atmosphaeri-

302 4175 366 4222 oua
387 4153 453 4218 aiir
476 4148 698 4232 corporibus
722 4145 909 4230 organicis
930 4144 1040 4212 utilis
1057 4147 1188 4212 evadit
1216 4150 1293 4212 flu
1306 4149 1340 4212 i·

298 4258 605 4330 transforma.
635 4253 769 4320 Ambit
794 4269 930 4362 nempe
959 4253 1196 4322 substantias
1229 4273 1340 4344 quas·
1432 4241 1434 4314 ἶ
