2902 4996
266 422 1268 528 aeshrs.11.csr.111.1rcrrssr.srsorss.sorsin.
1355 415 1363 481 Ι
1437 481 1441 520 y

270 587 439 653 subsunt
456 577 586 644 autem
606 575 703 640 haec
723 591 792 656 per
813 569 925 638 varia
936 567 1029 636 anni
1040 553 1221 654 tempora
1230 589 1314 634 mu·

270 690 439 759 tationes
461 681 614 756 varias,
634 677 735 742 unde
757 678 898 742 horum
930 673 1161 740 manifestus
1197 673 1314 758 adpa.
1437 686 1441 749 3

155 775 162 790 ’
252 768 331 857 ’τοι
352 787 535 873 intlurru's⁸¹
567 779 767 848 cernimus
788 779 909 864 igitur
925 779 1121 864 'pleraque
1148 783 1312 864 vegeta-

240 958 249 976 ,
269 891 369 960 bilia
390 887 562 973 insopita
581 885 757 972 hyemali
777 889 950 968 tempore
967 927 980 961 ,
999 903 1087 947 vere
1113 885 1317 949 resuscita·
1440 885 1441 960 Τ

273 997 309 1062 ri
323 1040 334 1073 ,
357 997 502 1058 aestate
526 1003 720 1055 summum
750 987 949 1072 adtingere
978 985 1176 1072 vigorem,
1203 993 1319 1074 atque
1435 990 1441 1011 ⁰

273 1103 461 1164 autumno
484 1113 614 1160 rursus
646 1091 821 1157 deficere.
856 1091 919 1158 Sic
948 1091 1070 1172 etiam
1100 1111 1139 1155 se
1168 1091 1319 1156 habent

275 1199 488 1274 animalia,
511 1203 607 1286 quae
625 1215 667 1261 eo
690 1194 813 1279 magis
833 1210 901 1276 per
919 1193 1012 1260 anni
1041 1200 1218 1280 tempora
1249 1214 1319 1280 gu-

271 1307 517 1378 bernantur,
551 1320 626 1388 quo
655 1299 785 1367 minus
810 1299 984 1383 perfecta
1001 1305 1125 1374 sunt,
1156 1306 1195 1366 et
1228 1302 1319 1384 ipsa

276 1410 399 1476 etiam
418 1405 651 1493 perfectiora
680 1403 822 1469 colores
851 1409 1026 1480 mutant,
1059 1398 1161 1470 c'erto
1194 1407 1319 1470 ferme

274 1516 459 1603 pruriunt
480 1520 679 1598 tempore,
709 1495 916 1594 variasque
945 1509 1113 1619 subeunt
1144 1515 1322 1594 tempora

277 1621 389 1690 vario
410 1620 661 1684 mutationes.
702 1675 706 1682 .

286 1813 289 1824 ·
357 1783 554 1867 Quantum
586 1783 718 1843 autem
753 1778 871 1842 homo
904 1779 953 1844 ab
985 1779 1116 1846 eadem
1149 1789 1323 1850 mutetur
1438 1813 1439 1824 ¹

280 1899 414 1956 causa,
432 1881 561 1947 morbi
581 1879 706 1960 varii,
727 1878 840 1943 certis
861 1879 955 1944 anni
977 1882 1216 1965 temporibus
1229 1905 1322 1968 pro·

280 1985 380 2070 prii,
396 1985 617 2051 ostendunt.
639 1982 873 2046 Dominatur
893 1982 1070 2068 hyemali
1101 1989 1139 2051 st
1167 1990 1324 2054 vernali

279 2096 474 2172 tempore,
496 2105 570 2173 quo
593 2085 842 2174 oxydationis
863 2089 1031 2176 eminere
1051 2089 1204 2159 videtur
1233 2113 1325 2178 pro-

280 2213 406 2261 cessus
419 2239 430 2275 ‚
441 2191 715 2268 irritabilitas,
729 2191 830 2256 unde
849 2197 888 2257 et
907 2194 1036 2260 morbi
1059 2193 1327 2268 inflammato-

279 2299 331 2365 rii
351 2303 390 2362 ot
413 2295 736 2380 haemorrhagiae
758 2291 911 2360 'activae
933 2298 1174 2383 frequentius
1193 2323 1327 2372 occur·

269 2393 385 2464 runt.
406 2400 595 2481 Tempore
617 2397 767 2464 aestivo
786 2395 910 2481 maior
930 2399 1036 2486 viget
1060 2389 1327 2472 inflammabi-

239 2551 240 2558 κ
284 2503 381 2568 lium
402 2500 625 2582 genesis,et
643 2493 762 2565 simul
782 2497 1018 2568 sensibilitas
1041 2513 1212 2589 augetur,
1225 2509 1330 2575 unde

284 2607 322 2666 st
342 2601 469 2666 morbi
489 2602 711 2689 systematis
735 2603 896 2666 nervosi
916 2606 1067 2690 saepius
1079 2609 1327 2678 evolvuntur.

284 2707 364 2791 lpse
385 2707 507 2772 etiam
527 2706 818 2794 roproductivus
840 2727 1036 2793 processus
1058 2712 1177 2778 variis
1198 2716 1332 2782 subest
1434 2714 1438 2761 ²

283 2809 436 2876 diverso
462 2809 556 2874 anni
576 2815 750 2897 tempora
769 2806 1129 2880 vicissitudinibuss
1154 2822 1326 2886 cetarum

285 2911 418 2978 omnia
440 2911 535 2980 hacc
556 2914 710 2978 varium
729 2914 878 2980 hahent
894 2935 964 3000 pro
987 2911 1141 2982 ratione
1168 2923 1334 2998 aetatis,
1437 2954 1440 2981 ι

288 3121 428 3188 dantur
445 3127 645 3207 praeterea
665 3121 760 3192 anni
787 3126 964 3206 tempora
993 3124 1228 3207 peculiarem
1262 3127 1333 3192 ha-

289 3225 382 3292 bere
416 3224 458 3290 in
487 3210 669 3289 naturam
706 3224 922 3290 humanum
955 3223 1168 3302 initurum,
1202 3227 1268 3313 qui
1310 3253 1332 3294 a

292 3345 441 3395 cursu
477 3335 736 3393 astro-rum
764 3325 995 3414 repetendus
1026 3329 1110 3410 sit,
1138 3329 1332 3419 siquidem

289 3431 418 3498 morbi
439 3421 562 3506 varii,
582 3435 628 3496 ut
648 3429 791 3498 dudum
807 3434 1061 3518 observatum
1082 3428 1332 3518 fuerat,cum

291 3535 405 3606 certis
421 3541 626 3603 recurrant
645 3536 762 3602 lunae
785 3529 967 3627 periodis,
1021 3609 1025 3616 ,

290 3036 402 3084 sexus
425 3022 463 3083 et
482 3015 709 3088 individuas
731 3019 1024 3088 constitutionis
1048 3017 1241 3090 effectum.
1266 3025 1331 3090 Vi·

359 3831 369 3854 '
398 3853 551 3916 euulsa
568 3815 842 3938 Physiologte1,p.
858 3863 980 3937 487·⁸t·'

685 4153 958 4182 w·
