2904 5004
217 337 221 355 ‚
250 385 359 452 Sues.
381 383 439 452 Iv.
461 386 520 450 Dr
545 389 785 450 asseruere
806 394 1012 454 vasonum
1115 409 1174 477 127
1260 419 1270 436 ι

206 527 353 593 intima
375 529 608 592 arteriarum
641 519 775 592 tunica
796 547 867 610 ope
897 533 1072 604 cellulosi
1093 541 1175 602 tex-

124 637 189 695 tus
212 651 298 694 cum
324 611 470 695 fibrosa
491 629 714 711 conjuncta,
737 630 861 694 cordis
881 634 1116 702 ventriculos
1137 646 1176 704 et

123 758 280 802 omnem
300 738 533 800 arteriarum
545 735 665 806 vestit
686 735 890 802 ambitum.
913 739 1061 804 Tenere
1079 743 1175 808 haec

124 839 386 924 conspicitur,
406 837 623 921 pellucido,
646 835 1094 922 uniformis„albicans‚
1114 867 1177 908 re·

108 943 244 1028 .liquis
266 941 440 1018 densior,
463 941 592 1004 minus
614 945 747 1003 tamen
769 940 954 1022 elastica,
981 943 1091 1008 fibris
1113 952 1172 1010 at·
1287 1000 1293 1008 .

123 1067 197 1132 que
213 1045 380 1110 vasculis
402 1043 637 1129 conspicuis,
651 1043 692 1106 in
713 1043 1034 1110 normalisaltem
1055 1053 1174 1122 statu,

127 1147 331 1212 destituta.
355 1146 541 1230 Congruit
557 1146 692 1210 tunica
710 1147 805 1210 haec
826 1165 913 1210 cum
935 1150 1174 1216 membranis
1215 1165 1218 1175 ’

125 1253 267 1316 serosis
289 1233 362 1338 b),
383 1249 484 1313 unde
505 1250 624 1314 facies
646 1233 769 1314 libera
799 1271 925 1318 seroso
960 1253 1077 1318 latice
1102 1257 1173 1320 hu-

122 1361 295 1419 mectata
314 1360 352 1418 et
372 1353 468 1418 levis
492 1359 673 1436 apparet5
693 1375 735 1417 eo
762 1361 894 1420 tamen
917 1363 1171 1424 aserosotex-

122 1463 169 1522 tu
184 1499 194 1533 ,
212 1465 257 1522 ut
278 1457 431 1522 Brcusr
453 1455 585 1532 docet,
610 1453 765 1532 differt,
788 1458 888 1541 quod
910 1459 1074 1524 nimiam
1087 1481 1174 1545 pos-

122 1559 252 1624 sideat
273 1558 552 1642 fragilitatem,
587 1559 707 1634 adeo,
745 1565 788 1622 ut
810 1561 985 1630 minima
1016 1583 1172 1648 rumpa-

121 1663 251 1728 tur'vi
276 1667 330 1751 c).
351 1663 407 1728 Ad
431 1667 564 1726 aortae
585 1668 623 1726 et
645 1663 882 1750 pulmonalis
906 1667 1073 1732 arteriae
1094 1671 1172 1735 ori-

123 1771 255 1854 ginem
268 1771 387 1854 piicas
406 1771 488 1854 agit
507 1769 645 1834 tunica
666 1771 831 1848 intima,
856 1773 1034 1870 ipsasque
1056 1772 1172 1840 eisin·
1271 1779 1274 1787 “

124 1877 186 1962 git
201 1871 454 1946 semiluuaies
476 1877 667 1942 valvulas.

230 2041 265 2109 s)
283 2039 455 2094 naeuus:
471 2040 519 2097 si.
537 2039 624 2115 phys.
636 2025 661 2098 '1.
680 2059 710 2116 p.
725 2033 771 2098 60·

212 2186 287 2253 fl)
306 2181 383 2246 ibid,
397 2201 428 2258 p.
448 2183 492 2240 65.
514 2187 607 2242 —Fn
625 2183 933 2244 HILDEBRANDT’S
956 2187 1066 2248 Irehrb.
1085 2188 1115 2246 d.
1136 2182 1175 2246 Α·
1264 2219 1266 2233 ¹

190 2283 252 2336 nat,
269 2272 321 2334 lv.
338 2271 367 2344 §.
386 2273 464 2335 2388.
485 2295 520 2320 ι-
540 2261 815 2331 sbuuunffluo:
832 2277 944 2352 augiol.
955 2277 986 2362 §f
1004 2277 1050 2344 45.

227 2425 257 2502 a)
276 2419 450 2476 Blcnnu’s
467 2421 538 2494 allg.
554 2421 644 2484 Anat.
660 2422 686 2484 1.
706 2436 732 2478 s.
749 2441 782 2499 p.
798 2425 844 2487 3⁶.

232 2563 267 2632 b)
285 2563 385 2627 Fried,
406 2565 485 2626 Lud.
510 2565 1000 2628 RREY8102dielnanuheiten
1025 2573 1078 2630 des
1099 2567 1171 2632 Her·

205 2667 275 2706 aens
292 2662 442 2724 systemat.
459 2652 638 2722 bearbeitet,
654 2655 735 2722 BerL
755 2659 830 2727 1814.
845 2665 872 2720 8.
887 2660 910 2722 1.
925 2659 982 2716 Ab.
1001 2674 1029 2728 ι.
1051 2662 1124 2741 Cap,
1146 2675 1173 2726 t,

236 2811 265 2878 o)
284 2809 428 2866 BIGHAT
444 2811 467 2868 l.
488 2829 515 2878 c,
532 2831 564 2888 p.
582 2816 638 2886 47..

449 3101 452 3107 ¹
565 2994 595 3068 s·
633 2995 712 3074 ψ·

379 3171 925 3260 Partesintegrantea

208 3335 379 3402 Parietes
397 3334 629 3407 arteriarum
647 3335 810 3419 copiosis
833 3321 1083 3419 providentur
1106 3311 1170 3405 ‘ara
1217 3379 1218 3386 κ

119 3441 274 3506 teriolis
293 3446 331 3503 et
351 3441 500 3504 venulis
514 3477 525 3516 ,
537 3439 746 3513 nutritioni
764 3441 1105 3524 prospicientibus,
1127 3429 1171 3508 iu

119 3547 232 3608 foetu
252 3544 520 3628 etjunioribus
542 3542 753 3608 individuis
775 3545 921 3628 optime
943 3546 1168 3629 conspicuis.

122 3647 362 3710 Proveniunt
382 3645 587 3724 arteriolae
608 3648 738 3711 veleb
763 3648 857 3732 ipso¹
872 3671 984 3726 vase,
1007 3653 1069 3714 vel
1102 3673 1168 3715 ve-

121 3749 172 3812 ro‘
189 3767 211 3810 a
229 3746 405 3834 partibus
424 3746 586 3826 vicinis3
609 3750 782 3816 formant
804 3756 885 3816 rete
910 3753 952 3816 in
979 3754 1169 3826 ,cellulosa

122 3857 277 3932 tunica,
304 3863 511 3940 penetrant
531 3862 696 3923 stratum
717 3857 925 3938 fibrosum,
945 3870 1167 3928 nontamen
1189 3893 1192 3901 r
1229 3947 1233 3952 Ι

121 3955 239 4046 iacile
260 3957 428 4024 auiculas
448 3960 621 4024 visibiles
636 3963 675 4024 in
696 3945 963 4029 membranam
985 3967 1168 4030 intimam

121 4063 289 4128 mittunt
313 4062 366 4148 *).
389 4063 591 4128 Revehunt
611 4067 838 4149 sanguinem
861 4091 905 4132 ex
935 4063 1169 4136 arteriarum

122 4168 337 4252 parietibus
358 4154 700 4244 venulaesodales,
724 4174 811 4253 pari
823 4173 934 4244 modo
946 4175 1168 4259 dispositae.
1201 4179 1202 4186 ’
1304 4203 1306 4210 ·

123 4271 222 4336 Vasa
243 4272 506 4360 lymphatica,
527 4273 568 4379 in
599 4273 810 4357 majoribus
844 4279 1073 4351 arteriarum
1104 4298 1168 4342 ra«

932 4450 1069 4515 ΧἸ
