2904 5004
177 449 179 456 y
258 341 317 453 rol
337 373 588 440 er.11.csr.
608 369 653 434 11.
666 371 724 436 Dr
742 384 829 436 eur.
851 387 946 438 suu.
962 387 1258 442 corasrsrrru.

256 521 481 594 instructis,
503 526 542 581 et
567 525 727 600 possunt
756 517 963 599 amphibia
990 485 1181 584 nonnulla
1201 521 1298 598 shu-

252 629 382 703 fones,
411 623 706 704 salamandrae)
737 623 992 688 sacrationem
1026 644 1111 686 eam
1140 643 1210 706 pro
1241 647 1301 690 ar·
1345 619 1349 628 ⁵

252 730 374 794 bitrio
394 749 544 812 augere·
578 729 683 810 Quae
707 726 879 808 squamis
905 725 1065 808 provisa
1094 735 1185 792 sunt
1213 729 1300 792 ani-

253 830 396 905 malia,
416 830 611 896 tutamine
638 818 709 890 h'oc
737 847 816 890 non
845 826 1046 911 indigent,
1067 828 1169 892 unde
1199 830 1301 896 cutis

252 935 332 1004 fere
349 934 450 998 sicca
469 935 511 997 in
534 934 582 996 iis
605 933 808 1016 reperitur.
1145 933 1150 948 '

356 1118 388 1186 ⁴')
411 1115 495 1170 Dicit
511 1072 661 1177 cehssvvir'
688 1109 789 1170 nullas
813 1111 881 1166 dari
912 1112 1068 1185 glandulas
1099 1112 1300 1170 subcutaneus

319 1214 442 1284 praeter
458 1202 631 1273 folliculos,
653 1200 705 1274 qui
724 1201 804 1270 circa
819 1201 900 1256 labia
917 1201 1001 1264 oris,
1018 1201 1049 1256 in
1068 1201 1153 1274 apice
1178 1212 1209 1255 st
1234 1201 1302 1254 dor-

321 1311 355 1348 so
373 1292 453 1358 nasi,
471 1291 503 1350 in
524 1291 605 1346 auris
633 1289 747 1377 concha
776 1301 834 1346 ato.
858 1291 1055 1360 reperiuntur
1096 1290 1302 1366 (Bisquisilio

295 1379 300 1394 ⁸
321 1381 373 1442 uit.
389 1398 422 1456 p.
442 1383 534 1454 na).

633 1545 913 1565 m

494 1597 501 1626 l

353 1673 529 1732 nouare
551 1675 626 1746 aug:
650 1673 738 1731 Anat.
767 1677 805 1730 u.
831 1693 858 1731 α.
882 1693 917 1747 p.
948 1651 1011 1733 irs.
1036 1693 1089 1748 sq«
1112 1709 1148 1724 -
1169 1679 1302 1737 nunu·

146 1852 150 1860 .
320 1765 481 1932 ξόΙΞΑΞΙΒΤ
503 1767 526 1825 l.
550 1783 575 1822 c.
599 1764 640 1822 11.
667 1766 698 1838 a.
720 1768 799 1833 1331.
823 1784 870 1841 sq.
887 1789 920 1812 ··
941 1765 1087 1825 cuvlau
1113 1769 1137 1831 1.
1161 1767 1188 1824 ες
1206 1769 1247 1826 ll.
1267 1787 1301 1846 p.

711 2033 739 2106 s·
786 2041 856 2111 us·

383 2213 951 2296 ,Partesintagrantes
986 2216 1135 2282 cutis.

330 2381 362 2446 E
385 2365 593 2463 desori'p'tis‘
608 2361 777 2442 lrucdum
802 2379 974 2442 outaneis
1004 2380 1164 2456 stratis,
1193 2382 1298 2447 inter

250 2507 290 2551 so
311 2485 353 2548 in
376 2501 547 2568 organon
570 2500 690 2545 uuum
720 2480 888 2576 junctis,
910 2481 1004 2545 satis
1029 2489 1212 2564 apparet,
1233 2499 1299 2564 sy·

252 2595 379 2653 stema
397 2587 522 2651 isthoc
535 2585 710 2669 pluribus
733 2586 991 2669 compositum
1012 2607 1090 2649 essa
1110 2585 1300 2668 partibus,

250 2711 461 2777 omnesque
478 2692 793 2754 membranarum
817 2689 858 2752 in
877 2711 916 2753 se
937 2681 1139 2754 ‘continere
1160 2679 1299 2754 classes

250 2795 816 2885 (§.119.).Textuscellulosus
841 2795 1102 2858 subcutaneus
1127 2794 1177 2877 (ς.
1202 2795 1298 2882 140.)

251 2899 527 2989 ¹alonga'tionos'
548 2898 699 2974 mitur,
730 2901 908 2980 penetrat
941 2896 1090 2961 areolas
1124 2898 1220 2960 corii
1245 2895 1299 2981 (§·

135 3027 137 3031 ·
252 3003 340 3089 141.)
352 3044 362 3078 ‚
384 3009 421 3068 et
441 3000 565 3069 efficit
596 3021 779 3087 magnam
808 3003 904 3067 cutis
929 3007 1080 3086 partam
1092 3043 1103 3078 ,
1121 3001 1214 3068 adeo
1229 3046 1240 3086 ,
1253 3007 1300 3066 ut

248 3111 358 3180 taxtu
378 3109 452 3175 hoc
473 3109 750 3190 suppuratione
773 3107 1088 3193 deliquescente‚
1111 3105 1297 3193 q·uemad-.

176 3271 182 3300 ι
247 3197 408 3280 modum
428 3211 473 3274 in
493 3211 700 3277 furunculo
733 3211 821 3276 fi'ari
849 3211 968 3288 solet,
996 3213 1145 3278 corium
1173 3213 1299 3280 instar

248 3316 431 3406 spongiae
469 3321 656 3399 appareat
676 3318 729 3399 ⁸).
765 3317 938 3383 Arteriaa
968 3318 1225 3382 subcutaneaa
1255 3317 1300 3380 in

249 3423 330 3490 tela
353 3421 539 3489 cellulosa
558 3427 812 3505 proserpunt,
825 3413 991 3490 mittunt
1010 3423 1300 3507 copiosissimos

248 3508 486 3586 ramusculos
514 3537 584 3606 per
619 3523 846 3590 cellulosum
870 3525 1087 3591 areolarum
1126 3531 1298 3602 textum,

129 3659 134 3670 ·
248 3624 463 3710 junguntur
494 3623 664 3688 invicem
696 3627 935 3692 anastomosi
962 3627 1143 3700 infinita,
1178 3646 1297 3710 pane·

250 3733 359 3796 trant
379 3726 474 3792 corii
501 3746 637 3810 poros,
660 3732 699 3792 et
727 3723 912 3794 afficiunt
933 3730 975 3796 in
1006 3731 1153 3795 extima
1182 3730 1299 3812 hujus

249 3832 350 3902 facie
371 3837 452 3898 rete
473 3834 572 3900 illud
593 3842 837 3904 vasculorum
860 3837 911 3924 (ς.
938 3838 1045 3922 142.).
1068 3837 1298 3906 Paucissimi

250 3939 484 4008 arteriarum
514 3943 658 4018 surculi
681 3945 750 4009 sub
780 3945 853 4010 hoc
885 3962 955 4026 par
986 3942 1135 4006 corium
1165 3942 1224 4005 itu
1256 3940 1300 4004 ln

249 4043 437 4111 librorum
454 4053 656 4112 transeunt
676 4054 850 4129 textum3
869 4047 1032 4131 plurimi
1053 4068 1144 4112 vero
1175 4043 1299 4128 capil-

251 4149 396 4226 lariam
420 4154 650 4220 arteriarum
669 4154 814 4219 surculi
838 4153 879 4220 in
902 4152 1129 4222 exhalantia
1152 4151 1299 4214 abeunt

253 4275 368 4338 vora,
402 4278 566 4344 quorum
587 4265 721 4328 temen
752 4259 848 4327 fines
876 4259 1023 4344 aperti,
1049 4258 1092 4328 in
1115 4257 1213 4340 cutis
1235 4275 1301 4324 su·
