2920 4998
289 397 354 475 aas
374 391 460 456 er.
472 391 520 460 11.
532 395 623 522 cur.
635 331 752 460 l10Dr.
773 401 863 458 eeu·
883 402 982 454 neu.
1003 403 1110 470 coar·
1124 403 1298 472 srsrrrs,

243 620 247 628 ,
291 535 415 599 lorum
443 534 538 617 part
560 556 606 598 se
630 533 755 603 hebet
778 532 956 612 ratione,
981 533 1132 618 segnis,
1150 534 1251 600 adeo
1263 577 1274 611 ,
1296 542 1347 602 ut

291 639 484 723 paulatim
515 659 593 703 non
620 638 699 704 nisi
725 626 837 722 agat,
860 655 930 700 nec
962 638 1092 703 subito
1119 638 1256 723 augeri
1278 641 1345 706 vel

287 741 418 806 minui
438 739 571 824 possit.
592 740 734 804 Sivero
759 757 876 804 causa
895 740 1088 804 musculos
1109 741 1345 826 protendens

289 843 414 908 nimia
433 842 573 918 fuerit,
596 847 663 906 aut
684 840 750 907 diu
772 841 918 926 egerit,
943 843 1229 908 contractilitas
1258 851 1345 910 tex·

241 933 243 938 ’
289 954 435 1022 turae,
465 952 506 1010 et
543 943 661 1008 simul
698 942 820 1008 etiam
858 943 1111 1008 irritabilites
1135 986 1146 1020 ,
1168 945 1344 1010 multum

231 1085 233 1098 ·
290 1049 481 1112 amittunt
501 1046 547 1110 de
565 1046 714 1130 vigore.
750 1045 929 1110 Videmus
953 1045 1047 1111 hinc
1077 1053 1166 1130 post
1194 1047 1344 1132 hydro·

239 1192 243 1203 ι
291 1169 379 1235 pem
421 1149 675 1224 diuturnum,
698 1151 737 1240 pt
774 1133 863 1232 p'ost
902 1153 1059 1241 parturn
1094 1150 1342 1235 frequentem

290 1255 479 1338 abdomen
502 1253 736 1339 pendulum,
759 1256 797 1316 et
817 1250 977 1338 videtur¹
994 1252 1128 1320 eadem
1151 1253 1198 1319 de
1224 1273 1344 1318 causa

287 1361 499 1447 respirium
521 1355 688 1426 difficile
716 1364 808 1442 poet
831 1355 1009 1426 curetum
1036 1359 1185 1426 asciten
1213 1380 1342 1426 rema·

287 1478 401 1543 nere',
423 1465 720 1548 diaphragmete
753 1463 884 1529 nefors
914 1463 1083 1530 nimium
1119 1465 1251 1530 laxato
1285 1461 1342 1548 ⁶).

224 1623 227 1632 .
289 1571 431 1638 Eadem
455 1565 738 1642 contrectilitas
756 1569 937 1632 texturae
969 1565 1248 1651 aequilibrium
1269 1586 1341 1651 po-

287 1678 351 1742 nit
377 1676 420 1742 in
448 1673 633 1739 musculis
656 1671 1088 1758 quiescentibus,unde
1118 1674 1344 1758 embryonis

288 1788 328 1847 et
346 1780 518 1846 hominis
542 1776 772 1844 dormientis
802 1776 981 1840 membra
1002 1777 1144 1842 insitu
1168 1779 1340 1845 sernisse-

290 1905 339 1950 κο
373 1883 622 1968 potissimum
652 1881 836 1945 existunt.
871 1879 929 1944 Sic
948 1879 1069 1946 etiam
1099 1879 1167 1958 fit,
1189 1887 1234 1946 ut
1253 1903 1341 1948 mu·

290 1986 406 2053 sculis
432 1985 477 2049 in
496 2003 574 2049 uno
595 1984 717 2048 latere
745 1983 926 2059 resectis,
949 1984 1167 2050 membrum
1197 1983 1240 2050 in
1271 2009 1341 2071 op·

247 2163 251 2172 ,
287 2093 463 2180 positum
494 2088 676 2155 trahatur
709 2087 833 2162 latus,
859 2084 964 2173 quod
992 2087 1034 2151 in
1057 2087 1252 2171 ,cadavere
1281 2112 1344 2156 re-

290 2202 431 2270 cente,
462 2191 614 2258 minore
651 2196 785 2256 tamen
814 2189 969 2276 gradu,
992 2207 1142 2277 quoque
1184 2192 1339 2260 accidit.
1370 2205 1373 2212 '
1448 2255 1449 2264 ἶ

290 2298 381 2365 Ideo
406 2297 525 2362 etiem
545 2293 761 2378 contingit,
783 2299 828 2360 ut
847 2294 997 2368 ,oborta
1018 2296 1193 2383 paralysi
1217 2299 1260 2362 in
1282 2300 1341 2364 la·

289 2408 371 2466 tere
403 2399 561 2482 dextro,
583 2394 814 2460 mandibula
837 2395 888 2462 ed
919 2396 1122 2461 sinistrum
1153 2398 1338 2489 trabatur

291 2507 417 2578 latus,
439 2508 479 2566 et
493 2500 584 2572 ¹vice
605 2517 714 2562 versa
725 2541 739 2574 ‚
762 2503 876 2584 atque
898 2499 1074 2564 membra
1097 2501 1162 2565 vel
1179 2507 1339 2568 contre·

290 2607 459 2682 bantur,
481 2600 545 2666 vel
580 2619 672 2664 vero
705 2597 923 2684 rigescant,
943 2602 1124 2668 resolutis
1155 2604 1343 2672 musculis

295 2705 584 2784 extensoribus,
601 2706 670 2772 uel
689 2704 911 2772 flexeribus.
1063 2775 1067 2783 ,

377 2869 818 2940 Τοηιιεειωιιεωῑοτιιηι
853 2869 1049 2953 portiones
1090 2873 1178 2937 ab're
1213 2869 1340 2938 libero
1446 2917 1447 2926 η

290 2977 427 3043 siccari
461 2983 653 3061 possunt,
685 2975 918 3040 minuuntur
943 2973 1161 3051 volumine,
1185 2983 1340 3043 contre·

288 3081 391 3147 h'unt
409 3078 578 3145 colorem
599 3100 644 3143 ex
663 3079 773 3161 nigro
792 3076 1082 3178 brunescentem
1093 3121 1105 3154 ,
1127 3077 1230 3144 fiunt
1252 3081 1341 3148 duri

291 3190 330 3248 et
348 3183 533 3268 fragiles,
557 3188 595 3247 et
617 3185 845 3265 recuperent
872 3198 971 3266 aqua
1003 3189 1239 3258 maceratae,
1263 3185 1337 3250 eli·

153 3337 157 3344 ,
290 3306 366 3373 qua
385 3286 524 3351 saltem
544 3283 940 3367 ratione,pristinem
961 3281 1142 3350 indolem.
1165 3287 1338 3351 Crassio-
1445 3343 1446 3348 ,

290 3410 349 3454 res
383 3388 560 3454 carnium
588 3387 853 3470 pertemere
887 3403 975 3449 cum
1002 3385 1141 3471 primis
1173 3387 1336 3454 humido

291 3497 331 3556 et
352 3491 502 3565 calido,
526 3489 715 3564 citissime
742 3491 989 3571 putrescunt3
1014 3491 1251 3558 contrahunt
1276 3511 1337 3556 co·

291 3594 415 3658 lorem
437 3592 609 3670 luteum;
632 3589 782 3675 spirant
812 3589 969 3654 odorem
996 3590 1165 3654 maxime
1185 3591 1338 3660 foeten-

289 3702 394 3771 tem,
416 3698 455 3757 et
472 3693 639 3782 mittunt
655 3714 733 3758 non
752 3713 839 3758 raro
861 3693 984 3757 lucem
1005 3693 1338 3778 phosphorescen·

290 3805 383 3866 tem.
416 3795 596 3877 Disparet
626 3796 741 3862 modo
774 3783 926 3862 tentore
956 3795 1124 3868 librosa,
1148 3793 1339 3864 diffluunt

293 3919 426 3966 carnes
446 3898 489 3961 in
517 3897 667 3982 pultem
695 3903 894 3978 tenacem,
916 3917 1014 4014 ques
1035 3897 1192 3964 tandem
1217 3901 1335 3966 sicca·

292 4011 360 4071 tur
393 4005 433 4066 et
460 3999 721 4098 substantiam
746 4009 835 4093 pest
861 3995 901 4072 se
922 3997 1110 4090 relinquit
1132 4003 1336 4094 fragilem,

293 4111 464 4208 nigram.

1221 4383 1336 4458 Color
