<?xml version="1.0" encoding="UTF-8"?>
<!DOCTYPE html PUBLIC "-//W3C//DTD XHTML 1.0 Transitional//EN"
    "http://www.w3.org/TR/xhtml1/DTD/xhtml1-transitional.dtd">
<html xmlns="http://www.w3.org/1999/xhtml" xml:lang="en" lang="en">
 <head>
  <title>
</title>
<meta http-equiv="Content-Type" content="text/html;charset=utf-8" />
  <meta name='ocr-system' content='tesseract 3.04.00' />
  <meta name='ocr-capabilities' content='ocr_page ocr_carea ocr_par ocr_line ocrx_word'/>
</head>
<body>
  <div class='ocr_page' id='page_1' title='image "./physiologiamedi02lenhgoog_0127.png"; bbox 0 0 2904 5004; ppageno 0'>
   <div class='ocr_carea' id='block_1_1' title="bbox 251 397 1250 507">
    <p class='ocr_par' dir='ltr' id='par_1_1' title="bbox 251 397 1250 507">
     <span class='ocr_line' id='line_1_1' title="bbox 251 397 1250 507; baseline -0.022 -24"><span class='ocrx_word' id='word_1_1' title='bbox 251 415 311 484; x_wconf 85' lang='lat'><strong>116</strong></span> <span class='ocrx_word' id='word_1_2' title='bbox 330 407 471 480; x_wconf 69' lang='lat' dir='ltr'><strong>mall.</strong></span> <span class='ocrx_word' id='word_1_3' title='bbox 484 407 573 473; x_wconf 77' lang='lat' dir='ltr'><strong>Gar.</strong></span> <span class='ocrx_word' id='word_1_4' title='bbox 593 397 644 466; x_wconf 86' lang='lat'><strong>11.</strong></span> <span class='ocrx_word' id='word_1_5' title='bbox 657 399 820 507; x_wconf 25' lang='lat' dir='ltr'><strong>Dslsru.</strong></span> <span class='ocrx_word' id='word_1_6' title='bbox 836 407 931 457; x_wconf 79' lang='lat' dir='ltr'><strong>uun.</strong></span> <span class='ocrx_word' id='word_1_7' title='bbox 950 408 1062 458; x_wconf 82' lang='lat' dir='ltr'><strong>corr.</strong></span> <span class='ocrx_word' id='word_1_8' title='bbox 1077 408 1250 462; x_wconf 81' lang='lat' dir='ltr'><strong>svsruu.</strong></span> 
     </span>
    </p>
   </div>
   <div class='ocr_carea' id='block_1_2' title="bbox 252 531 1309 1266">
    <p class='ocr_par' dir='ltr' id='par_1_2' title="bbox 252 531 1309 1266">
     <span class='ocr_line' id='line_1_2' title="bbox 256 531 1308 632; baseline -0.019 -8"><span class='ocrx_word' id='word_1_9' title='bbox 256 557 423 626; x_wconf 90' lang='lat' dir='ltr'><strong>minima</strong></span> <span class='ocrx_word' id='word_1_10' title='bbox 445 553 486 614; x_wconf 89' lang='lat' dir='ltr'><strong>in</strong></span> <span class='ocrx_word' id='word_1_11' title='bbox 512 531 696 632; x_wconf 77' lang='lat' dir='ltr'><strong>pallidis3</strong></span> <span class='ocrx_word' id='word_1_12' title='bbox 717 539 949 629; x_wconf 77' lang='lat' dir='ltr'><strong>numeravit</strong></span> <span class='ocrx_word' id='word_1_13' title='bbox 979 539 1082 604; x_wconf 89' lang='lat' dir='ltr'><strong>enim</strong></span> <span class='ocrx_word' id='word_1_14' title='bbox 1114 541 1228 606; x_wconf 90' lang='lat' dir='ltr'><strong>modo</strong></span> <span class='ocrx_word' id='word_1_15' title='bbox 1254 542 1308 605; x_wconf 92' lang='lat' dir='ltr'><strong>ci·</strong></span> 
     </span>
     <span class='ocr_line' id='line_1_3' title="bbox 252 646 1309 735; baseline -0.015 -8"><span class='ocrx_word' id='word_1_16' title='bbox 252 668 358 727; x_wconf 85' lang='lat' dir='ltr'><strong>tatus</strong></span> <span class='ocrx_word' id='word_1_17' title='bbox 383 659 512 720; x_wconf 82' lang='lat' dir='ltr'><strong>auctor</strong></span> <span class='ocrx_word' id='word_1_18' title='bbox 530 651 704 735; x_wconf 83' lang='lat' dir='ltr'>priorum</span> <span class='ocrx_word' id='word_1_19' title='bbox 726 663 788 728; x_wconf 78' lang='lat'><strong>572</strong></span> <span class='ocrx_word' id='word_1_20' title='bbox 806 685 817 722; x_wconf 89' lang='lat'><strong>,</strong></span> <span class='ocrx_word' id='word_1_21' title='bbox 833 649 870 708; x_wconf 89' lang='lat' dir='ltr'><strong>et</strong></span> <span class='ocrx_word' id='word_1_22' title='bbox 890 646 1151 725; x_wconf 83' lang='lat' dir='ltr'><strong>posteriorum</strong></span> <span class='ocrx_word' id='word_1_23' title='bbox 1181 663 1244 729; x_wconf 89' lang='lat'><strong>790</strong></span> <span class='ocrx_word' id='word_1_24' title='bbox 1266 648 1309 712; x_wconf 88' lang='lat' dir='ltr'><strong>in</strong></span> 
     </span>
     <span class='ocr_line' id='line_1_4' title="bbox 252 746 1305 848; baseline -0.016 -20"><span class='ocrx_word' id='word_1_25' title='bbox 252 760 405 848; x_wconf 89' lang='lat' dir='ltr'><strong>pollicis</strong></span> <span class='ocrx_word' id='word_1_26' title='bbox 444 753 618 820; x_wconf 76' lang='lat' dir='ltr'><strong>crassitie</strong></span> <span class='ocrx_word' id='word_1_27' title='bbox 651 751 702 832; x_wconf 85' lang='lat' dir='ltr'><strong>f)</strong></span> <span class='ocrx_word' id='word_1_28' title='bbox 742 746 991 829; x_wconf 77' lang='lat' dir='ltr'><strong>corruptioni</strong></span> <span class='ocrx_word' id='word_1_29' title='bbox 1028 747 1132 814; x_wconf 84' lang='lat' dir='ltr'><strong>inter</strong></span> <span class='ocrx_word' id='word_1_30' title='bbox 1171 766 1305 812; x_wconf 87' lang='lat' dir='ltr'><strong>omnes</strong></span> 
     </span>
     <span class='ocr_line' id='line_1_5' title="bbox 254 835 1307 938; baseline -0.014 -9"><span class='ocrx_word' id='word_1_31' title='bbox 254 861 439 929; x_wconf 80' lang='lat' dir='ltr'><strong>animalis</strong></span> <span class='ocrx_word' id='word_1_32' title='bbox 464 853 636 938; x_wconf 89' lang='lat' dir='ltr'><strong>corporis</strong></span> <span class='ocrx_word' id='word_1_33' title='bbox 656 853 786 934; x_wconf 89' lang='lat' dir='ltr'><strong>partes</strong></span> <span class='ocrx_word' id='word_1_34' title='bbox 813 847 982 911; x_wconf 83' lang='lat' dir='ltr'><strong>maxime</strong></span> <span class='ocrx_word' id='word_1_35' title='bbox 1008 835 1217 926; x_wconf 89' lang='lat' dir='ltr'><strong>resistunt,</strong></span> <span class='ocrx_word' id='word_1_36' title='bbox 1233 871 1307 916; x_wconf 88' lang='lat' dir='ltr'><strong>un·</strong></span> 
     </span>
     <span class='ocr_line' id='line_1_6' title="bbox 255 952 1305 1048; baseline -0.013 -13"><span class='ocrx_word' id='word_1_37' title='bbox 255 970 362 1036; x_wconf 88' lang='lat' dir='ltr'><strong>dein</strong></span> <span class='ocrx_word' id='word_1_38' title='bbox 383 961 607 1048; x_wconf 84' lang='lat' dir='ltr'><strong>sepulchris</strong></span> <span class='ocrx_word' id='word_1_39' title='bbox 620 952 904 1042; x_wconf 76' lang='lat' dir='ltr'><strong>antiquissimis</strong></span> <span class='ocrx_word' id='word_1_40' title='bbox 930 954 1077 1037; x_wconf 87' lang='lat' dir='ltr'><strong>optime</strong></span> <span class='ocrx_word' id='word_1_41' title='bbox 1099 977 1305 1022; x_wconf 86' lang='lat' dir='ltr'><strong>conserva-</strong></span> 
     </span>
     <span class='ocr_line' id='line_1_7' title="bbox 253 1057 1306 1156; baseline -0.014 -15"><span class='ocrx_word' id='word_1_42' title='bbox 253 1076 289 1141; x_wconf 89' lang='lat' dir='ltr'><strong>ti</strong></span> <span class='ocrx_word' id='word_1_43' title='bbox 309 1073 567 1156; x_wconf 83' lang='lat' dir='ltr'><strong>reperiuntur.</strong></span> <span class='ocrx_word' id='word_1_44' title='bbox 590 1061 831 1136; x_wconf 84' lang='lat' dir='ltr'><strong>Dealbantur</strong></span> <span class='ocrx_word' id='word_1_45' title='bbox 852 1057 928 1140; x_wconf 85' lang='lat' dir='ltr'><strong>pili</strong></span> <span class='ocrx_word' id='word_1_46' title='bbox 951 1057 1061 1130; x_wconf 87' lang='lat' dir='ltr'><strong>acido</strong></span> <span class='ocrx_word' id='word_1_47' title='bbox 1081 1061 1306 1138; x_wconf 83' lang='lat' dir='ltr'><strong>muriatico,</strong></span> 
     </span>
     <span class='ocr_line' id='line_1_8' title="bbox 257 1160 1308 1266; baseline -0.013 -20"><span class='ocrx_word' id='word_1_48' title='bbox 257 1181 473 1266; x_wconf 83' lang='lat' dir='ltr'><strong>oxygenato</strong></span> <span class='ocrx_word' id='word_1_49' title='bbox 494 1169 721 1257; x_wconf 81' lang='lat' dir='ltr'><strong>praecipue,</strong></span> <span class='ocrx_word' id='word_1_50' title='bbox 745 1163 958 1226; x_wconf 87' lang='lat' dir='ltr'><strong>flavescunt</strong></span> <span class='ocrx_word' id='word_1_51' title='bbox 987 1160 1165 1228; x_wconf 82' lang='lat' dir='ltr'><strong>abscido</strong></span> <span class='ocrx_word' id='word_1_52' title='bbox 1191 1167 1308 1232; x_wconf 90' lang='lat' dir='ltr'><strong>nitri-</strong></span> 
     </span>
    </p>
   </div>
   <div class='ocr_carea' id='block_1_3' title="bbox 155 1255 1445 1462">
    <p class='ocr_par' dir='ltr' id='par_1_3' title="bbox 155 1255 1445 1462">
     <span class='ocr_line' id='line_1_9' title="bbox 257 1255 1445 1358; baseline -0.027 -10"><span class='ocrx_word' id='word_1_53' title='bbox 257 1305 328 1358; x_wconf 89' lang='lat' dir='ltr'><strong>co,</strong></span> <span class='ocrx_word' id='word_1_54' title='bbox 342 1288 379 1346; x_wconf 87' lang='lat' dir='ltr'><strong>et</strong></span> <span class='ocrx_word' id='word_1_55' title='bbox 402 1281 604 1344; x_wconf 89' lang='lat' dir='ltr'><strong>solvuntur</strong></span> <span class='ocrx_word' id='word_1_56' title='bbox 641 1259 841 1342; x_wconf 86' lang='lat' dir='ltr'><strong>accedente</strong></span> <span class='ocrx_word' id='word_1_57' title='bbox 870 1268 1014 1342; x_wconf 89' lang='lat' dir='ltr'><strong>calore,</strong></span> <span class='ocrx_word' id='word_1_58' title='bbox 1046 1268 1146 1354; x_wconf 88' lang='lat' dir='ltr'><strong>quod</strong></span> <span class='ocrx_word' id='word_1_59' title='bbox 1178 1255 1327 1356; x_wconf 54' lang='lat' dir='ltr'><strong>ipsum*</strong></span> <span class='ocrx_word' id='word_1_60' title='bbox 1444 1309 1445 1316; x_wconf 71' lang='grc'>,</span> 
     </span>
     <span class='ocr_line' id='line_1_10' title="bbox 155 1367 1307 1462; baseline -0.014 -10"><span class='ocrx_word' id='word_1_61' title='bbox 155 1374 160 1383; x_wconf 66' lang='grc'><strong><em>’</em></strong></span> <span class='ocrx_word' id='word_1_62' title='bbox 258 1382 415 1450; x_wconf 85' lang='lat' dir='ltr'><strong>acidum</strong></span> <span class='ocrx_word' id='word_1_63' title='bbox 444 1367 710 1462; x_wconf 86' lang='lat' dir='ltr'><strong>sulphuricum</strong></span> <span class='ocrx_word' id='word_1_64' title='bbox 740 1391 889 1458; x_wconf 86' lang='lat' dir='ltr'><strong>quoque</strong></span> <span class='ocrx_word' id='word_1_65' title='bbox 918 1375 1102 1455; x_wconf 84' lang='lat' dir='ltr'><strong>praestat.</strong></span> <span class='ocrx_word' id='word_1_66' title='bbox 1135 1372 1229 1435; x_wconf 86' lang='lat' dir='ltr'><strong>Cum</strong></span> <span class='ocrx_word' id='word_1_67' title='bbox 1250 1373 1307 1436; x_wconf 86' lang='lat' dir='ltr'><strong>al-</strong></span> 
     </span>
    </p>
   </div>
   <div class='ocr_carea' id='block_1_4' title="bbox 255 1475 1305 1661">
    <p class='ocr_par' dir='ltr' id='par_1_4' title="bbox 255 1475 1305 1661">
     <span class='ocr_line' id='line_1_11' title="bbox 257 1475 1305 1558; baseline -0.012 -7"><span class='ocrx_word' id='word_1_68' title='bbox 257 1487 405 1550; x_wconf 91' lang='lat' dir='ltr'><strong>calibus</strong></span> <span class='ocrx_word' id='word_1_69' title='bbox 448 1481 592 1546; x_wconf 89' lang='lat' dir='ltr'><strong>decocti</strong></span> <span class='ocrx_word' id='word_1_70' title='bbox 626 1479 830 1542; x_wconf 86' lang='lat' dir='ltr'><strong>solvuntur</strong></span> <span class='ocrx_word' id='word_1_71' title='bbox 864 1477 903 1536; x_wconf 89' lang='lat' dir='ltr'><strong>et</strong></span> <span class='ocrx_word' id='word_1_72' title='bbox 929 1475 1073 1540; x_wconf 88' lang='lat' dir='ltr'><strong>sistunt</strong></span> <span class='ocrx_word' id='word_1_73' title='bbox 1105 1493 1305 1558; x_wconf 86' lang='lat' dir='ltr'><strong>saponem.</strong></span> 
     </span>
     <span class='ocr_line' id='line_1_12' title="bbox 255 1574 1198 1661; baseline -0.013 -6"><span class='ocrx_word' id='word_1_74' title='bbox 255 1589 557 1656; x_wconf 84' lang='lat' dir='ltr'><strong>inflammantur</strong></span> <span class='ocrx_word' id='word_1_75' title='bbox 581 1579 696 1647; x_wconf 76' lang='lat' dir='ltr'><strong>facile</strong></span> <span class='ocrx_word' id='word_1_76' title='bbox 720 1583 759 1640; x_wconf 88' lang='lat' dir='ltr'><strong>et</strong></span> <span class='ocrx_word' id='word_1_77' title='bbox 780 1574 987 1661; x_wconf 85' lang='lat' dir='ltr'><strong>liquefiunt</strong></span> <span class='ocrx_word' id='word_1_78' title='bbox 1009 1577 1198 1644; x_wconf 83' lang='lat' dir='ltr'><strong>ardentes.</strong></span> 
     </span>
    </p>
   </div>
   <div class='ocr_carea' id='block_1_5' title="bbox 257 1731 1307 2449">
    <p class='ocr_par' dir='ltr' id='par_1_5' title="bbox 257 1731 1307 2449">
     <span class='ocr_line' id='line_1_13' title="bbox 340 1731 1307 1839; baseline -0.01 -19"><span class='ocrx_word' id='word_1_79' title='bbox 340 1753 518 1839; x_wconf 85' lang='lat' dir='ltr'><strong>Analysis</strong></span> <span class='ocrx_word' id='word_1_80' title='bbox 549 1731 751 1820; x_wconf 75' lang='lat' dir='ltr'><strong>chemica,¹</strong></span> <span class='ocrx_word' id='word_1_81' title='bbox 785 1765 900 1829; x_wconf 89' lang='lat' dir='ltr'><strong>quam</strong></span> <span class='ocrx_word' id='word_1_82' title='bbox 930 1744 1152 1824; x_wconf 66' lang='lat' dir='ltr'><strong>vlspusnr</strong></span> <span class='ocrx_word' id='word_1_83' title='bbox 1183 1765 1307 1825; x_wconf 86' lang='lat' dir='ltr'><strong>nuper</strong></span> 
     </span>
     <span class='ocr_line' id='line_1_14' title="bbox 258 1847 1305 1931; baseline -0.013 -6"><span class='ocrx_word' id='word_1_84' title='bbox 258 1858 459 1931; x_wconf 81' lang='lat' dir='ltr'><strong>instituit,</strong></span> <span class='ocrx_word' id='word_1_85' title='bbox 493 1853 627 1924; x_wconf 84' lang='lat' dir='ltr'><strong>docet,</strong></span> <span class='ocrx_word' id='word_1_86' title='bbox 658 1849 759 1931; x_wconf 91' lang='lat' dir='ltr'><strong>pilos</strong></span> <span class='ocrx_word' id='word_1_87' title='bbox 792 1855 966 1912; x_wconf 83' lang='lat' dir='ltr'><strong>constare</strong></span> <span class='ocrx_word' id='word_1_88' title='bbox 995 1847 1197 1928; x_wconf 83' lang='lat' dir='ltr'><strong>sulphure,</strong></span> <span class='ocrx_word' id='word_1_89' title='bbox 1219 1848 1305 1911; x_wconf 92' lang='lat' dir='ltr'><strong>oleo</strong></span> 
     </span>
     <span class='ocr_line' id='line_1_15' title="bbox 257 1948 1307 2033; baseline -0.011 -7"><span class='ocrx_word' id='word_1_90' title='bbox 257 1961 391 2032; x_wconf 81' lang='lat' dir='ltr'><strong>fusco,</strong></span> <span class='ocrx_word' id='word_1_91' title='bbox 409 1957 472 2020; x_wconf 91' lang='lat' dir='ltr'><strong>vel</strong></span> <span class='ocrx_word' id='word_1_92' title='bbox 490 1955 578 2019; x_wconf 82' lang='lat' dir='ltr'><strong>rulo</strong></span> <span class='ocrx_word' id='word_1_93' title='bbox 599 1956 666 2014; x_wconf 89' lang='lat' dir='ltr'><strong>aut</strong></span> <span class='ocrx_word' id='word_1_94' title='bbox 694 1950 893 2027; x_wconf 87' lang='lat' dir='ltr'><strong>decolore,</strong></span> <span class='ocrx_word' id='word_1_95' title='bbox 919 1950 1020 2012; x_wconf 88' lang='lat' dir='ltr'><strong>calco</strong></span> <span class='ocrx_word' id='word_1_96' title='bbox 1043 1948 1307 2033; x_wconf 84' lang='lat' dir='ltr'><strong>phosphorica</strong></span> 
     </span>
     <span class='ocr_line' id='line_1_16' title="bbox 262 2051 1304 2137; baseline -0.012 -8"><span class='ocrx_word' id='word_1_97' title='bbox 262 2071 302 2129; x_wconf 88' lang='lat' dir='ltr'><strong>et</strong></span> <span class='ocrx_word' id='word_1_98' title='bbox 334 2059 568 2132; x_wconf 82' lang='lat' dir='ltr'><strong>carbonica,</strong></span> <span class='ocrx_word' id='word_1_99' title='bbox 601 2051 863 2134; x_wconf 83' lang='lat' dir='ltr'><strong>ferriexigua</strong></span> <span class='ocrx_word' id='word_1_100' title='bbox 892 2052 1146 2135; x_wconf 84' lang='lat' dir='ltr'><strong>quantitate,</strong></span> <span class='ocrx_word' id='word_1_101' title='bbox 1176 2051 1304 2137; x_wconf 87' lang='lat' dir='ltr'><strong>oxydo</strong></span> 
     </span>
     <span class='ocr_line' id='line_1_17' title="bbox 258 2149 1305 2251; baseline -0.015 -18"><span class='ocrx_word' id='word_1_102' title='bbox 258 2164 445 2251; x_wconf 85' lang='lat' dir='ltr'><strong>mangani</strong></span> <span class='ocrx_word' id='word_1_103' title='bbox 465 2152 748 2244; x_wconf 89' lang='lat' dir='ltr'><strong>(phosphorica</strong></span> <span class='ocrx_word' id='word_1_104' title='bbox 770 2149 972 2246; x_wconf 82' lang='lat' dir='ltr'><strong>magnesia</strong></span> <span class='ocrx_word' id='word_1_105' title='bbox 991 2154 1033 2216; x_wconf 92' lang='lat' dir='ltr'><strong>in</strong></span> <span class='ocrx_word' id='word_1_106' title='bbox 1054 2154 1159 2216; x_wconf 90' lang='lat' dir='ltr'><strong>canis</strong></span> <span class='ocrx_word' id='word_1_107' title='bbox 1184 2154 1305 2218; x_wconf 90' lang='lat' dir='ltr'><strong>crini-</strong></span> 
     </span>
     <span class='ocr_line' id='line_1_18' title="bbox 259 2254 1304 2356; baseline -0.015 -20"><span class='ocrx_word' id='word_1_108' title='bbox 259 2273 380 2356; x_wconf 85' lang='lat' dir='ltr'><strong>bus),</strong></span> <span class='ocrx_word' id='word_1_109' title='bbox 412 2264 523 2329; x_wconf 83' lang='lat' dir='ltr'><strong>silica</strong></span> <span class='ocrx_word' id='word_1_110' title='bbox 554 2265 592 2324; x_wconf 89' lang='lat' dir='ltr'><strong>et</strong></span> <span class='ocrx_word' id='word_1_111' title='bbox 617 2254 838 2322; x_wconf 87' lang='lat' dir='ltr'><strong>substantia</strong></span> <span class='ocrx_word' id='word_1_112' title='bbox 865 2254 1051 2332; x_wconf 85' lang='lat' dir='ltr'><strong>animali,</strong></span> <span class='ocrx_word' id='word_1_113' title='bbox 1071 2269 1176 2341; x_wconf 85' lang='lat' dir='ltr'><strong>quae·</strong></span> <span class='ocrx_word' id='word_1_114' title='bbox 1193 2275 1304 2321; x_wconf 90' lang='lat' dir='ltr'><strong>muco</strong></span> 
     </span>
     <span class='ocr_line' id='line_1_19' title="bbox 261 2361 565 2449; baseline -0.043 -11"><span class='ocrx_word' id='word_1_115' title='bbox 261 2369 405 2439; x_wconf 87' lang='lat' dir='ltr'><strong>similis</strong></span> <span class='ocrx_word' id='word_1_116' title='bbox 428 2361 565 2449; x_wconf 61' lang='lat' dir='ltr'><strong>est-g).</strong></span> 
     </span>
    </p>
   </div>
   <div class='ocr_carea' id='block_1_6' title="bbox 151 2518 1311 4168">
    <p class='ocr_par' dir='ltr' id='par_1_6' title="bbox 211 2518 1307 2814">
     <span class='ocr_line' id='line_1_20' title="bbox 344 2518 1304 2605; baseline -0.009 -11"><span class='ocrx_word' id='word_1_117' title='bbox 344 2527 465 2594; x_wconf 90' lang='lat' dir='ltr'><strong>Docet</strong></span> <span class='ocrx_word' id='word_1_118' title='bbox 495 2526 758 2589; x_wconf 74' lang='lat' dir='ltr'><strong>Aururnnsru</strong></span> <span class='ocrx_word' id='word_1_119' title='bbox 790 2521 932 2605; x_wconf 88' lang='lat' dir='ltr'><strong>pilose</strong></span> <span class='ocrx_word' id='word_1_120' title='bbox 963 2519 1146 2603; x_wconf 87' lang='lat' dir='ltr'><strong>negativa</strong></span> <span class='ocrx_word' id='word_1_121' title='bbox 1176 2518 1304 2605; x_wconf 86' lang='lat' dir='ltr'><strong>adipis</strong></span> 
     </span>
     <span class='ocr_line' id='line_1_21' title="bbox 261 2622 1307 2721; baseline -0.008 -25"><span class='ocrx_word' id='word_1_122' title='bbox 261 2629 450 2721; x_wconf 87' lang='lat' dir='ltr'><strong>qualitate</strong></span> <span class='ocrx_word' id='word_1_123' title='bbox 463 2626 559 2691; x_wconf 89' lang='lat' dir='ltr'><strong>oriri</strong></span> <span class='ocrx_word' id='word_1_124' title='bbox 569 2667 579 2702; x_wconf 97' lang='lat'><strong>,</strong></span> <span class='ocrx_word' id='word_1_125' title='bbox 593 2625 762 2710; x_wconf 88' lang='lat' dir='ltr'><strong>adeoque</strong></span> <span class='ocrx_word' id='word_1_126' title='bbox 772 2622 939 2709; x_wconf 90' lang='lat' dir='ltr'><strong>positive</strong></span> <span class='ocrx_word' id='word_1_127' title='bbox 959 2622 1113 2704; x_wconf 81' lang='lat' dir='ltr'><strong>polaris</strong></span> <span class='ocrx_word' id='word_1_128' title='bbox 1134 2625 1307 2688; x_wconf 87' lang='lat' dir='ltr'><strong>contine-</strong></span> 
     </span>
     <span class='ocr_line' id='line_1_22' title="bbox 211 2727 1304 2814; baseline -0.009 -10"><span class='ocrx_word' id='word_1_129' title='bbox 211 2733 213 2742; x_wconf 78' lang='grc'><strong>’</strong></span> <span class='ocrx_word' id='word_1_130' title='bbox 259 2759 302 2804; x_wconf 88' lang='lat' dir='ltr'><strong>re</strong></span> <span class='ocrx_word' id='word_1_131' title='bbox 324 2737 538 2810; x_wconf 79' lang='lat' dir='ltr'><strong>elementa3</strong></span> <span class='ocrx_word' id='word_1_132' title='bbox 559 2730 658 2794; x_wconf 89' lang='lat' dir='ltr'><strong>unde</strong></span> <span class='ocrx_word' id='word_1_133' title='bbox 686 2749 904 2814; x_wconf 84' lang='lat' dir='ltr'><strong>processus,</strong></span> <span class='ocrx_word' id='word_1_134' title='bbox 929 2747 1002 2812; x_wconf 91' lang='lat' dir='ltr'><strong>quo</strong></span> <span class='ocrx_word' id='word_1_135' title='bbox 1034 2727 1108 2810; x_wconf 88' lang='lat' dir='ltr'><strong>pili</strong></span> <span class='ocrx_word' id='word_1_136' title='bbox 1130 2729 1304 2794; x_wconf 78' lang='lat' dir='ltr'><strong>forman·</strong></span> 
     </span>
    </p>

    <p class='ocr_par' dir='ltr' id='par_1_7' title="bbox 151 2819 1311 4168">
     <span class='ocr_line' id='line_1_23' title="bbox 151 2819 1302 2929; baseline -0.007 -25"><span class='ocrx_word' id='word_1_137' title='bbox 151 2819 155 2833; x_wconf 26' lang='lat' dir='ltr'>x</span> <span class='ocrx_word' id='word_1_138' title='bbox 261 2846 325 2904; x_wconf 87' lang='lat' dir='ltr'><strong>tur</strong></span> <span class='ocrx_word' id='word_1_139' title='bbox 350 2834 562 2929; x_wconf 77' lang='lat' dir='ltr'><strong>(tanquam</strong></span> <span class='ocrx_word' id='word_1_140' title='bbox 581 2832 855 2898; x_wconf 88' lang='lat' dir='ltr'><strong>subordinatus</strong></span> <span class='ocrx_word' id='word_1_141' title='bbox 879 2830 1083 2926; x_wconf 77' lang='lat' dir='ltr'><strong>negativae</strong></span> <span class='ocrx_word' id='word_1_142' title='bbox 1112 2832 1302 2914; x_wconf 88' lang='lat' dir='ltr'><strong>polarita·</strong></span> 
     </span>
     <span class='ocr_line' id='line_1_24' title="bbox 259 2934 1307 3026; baseline -0.003 -19"><span class='ocrx_word' id='word_1_143' title='bbox 259 2941 332 3026; x_wconf 84' lang='lat' dir='ltr'><strong>ti),</strong></span> <span class='ocrx_word' id='word_1_144' title='bbox 345 2939 532 3025; x_wconf 85' lang='lat' dir='ltr'><strong>positivus</strong></span> <span class='ocrx_word' id='word_1_145' title='bbox 557 2937 694 3002; x_wconf 89' lang='lat' dir='ltr'><strong>haberi</strong></span> <span class='ocrx_word' id='word_1_146' title='bbox 715 2936 838 2999; x_wconf 87' lang='lat' dir='ltr'><strong>debet.</strong></span> <span class='ocrx_word' id='word_1_147' title='bbox 862 2934 952 3000; x_wconf 88' lang='lat' dir='ltr'><strong>lnde</strong></span> <span class='ocrx_word' id='word_1_148' title='bbox 972 2935 1092 3019; x_wconf 84' lang='lat' dir='ltr'><strong>igitur</strong></span> <span class='ocrx_word' id='word_1_149' title='bbox 1112 2938 1307 3023; x_wconf 91' lang='lat' dir='ltr'><strong>est,quod</strong></span> 
     </span>
     <span class='ocr_line' id='line_1_25' title="bbox 262 3041 1309 3127; baseline -0.004 -15"><span class='ocrx_word' id='word_1_150' title='bbox 262 3046 454 3112; x_wconf 86' lang='lat' dir='ltr'><strong>animalia</strong></span> <span class='ocrx_word' id='word_1_151' title='bbox 475 3042 682 3127; x_wconf 78' lang='lat' dir='ltr'><strong>perfectius</strong></span> <span class='ocrx_word' id='word_1_152' title='bbox 703 3041 941 3126; x_wconf 85' lang='lat' dir='ltr'><strong>respirantia</strong></span> <span class='ocrx_word' id='word_1_153' title='bbox 970 3042 1144 3124; x_wconf 88' lang='lat' dir='ltr'><strong>pluribus</strong></span> <span class='ocrx_word' id='word_1_154' title='bbox 1175 3045 1309 3127; x_wconf 86' lang='lat' dir='ltr'><strong>provi-</strong></span> 
     </span>
     <span class='ocr_line' id='line_1_26' title="bbox 224 3143 1307 3232; baseline -0.002 -18"><span class='ocrx_word' id='word_1_155' title='bbox 224 3165 229 3174; x_wconf 92' lang='grc'><strong><em>’</em></strong></span> <span class='ocrx_word' id='word_1_156' title='bbox 260 3149 425 3214; x_wconf 82' lang='lat' dir='ltr'><strong>deantur</strong></span> <span class='ocrx_word' id='word_1_157' title='bbox 447 3149 539 3232; x_wconf 89' lang='lat' dir='ltr'><strong>pilis</strong></span> <span class='ocrx_word' id='word_1_158' title='bbox 562 3146 668 3231; x_wconf 78' lang='lat' dir='ltr'><strong>(aves</strong></span> <span class='ocrx_word' id='word_1_159' title='bbox 689 3143 868 3228; x_wconf 88' lang='lat' dir='ltr'><strong>plumis),</strong></span> <span class='ocrx_word' id='word_1_160' title='bbox 890 3163 1004 3228; x_wconf 88' lang='lat' dir='ltr'><strong>quam</strong></span> <span class='ocrx_word' id='word_1_161' title='bbox 1028 3165 1093 3220; x_wconf 89' lang='lat' dir='ltr'><strong>ea,</strong></span> <span class='ocrx_word' id='word_1_162' title='bbox 1116 3166 1210 3232; x_wconf 90' lang='lat' dir='ltr'><strong>quas</strong></span> <span class='ocrx_word' id='word_1_163' title='bbox 1231 3149 1307 3212; x_wconf 88' lang='lat' dir='ltr'><strong>mi·</strong></span> 
     </span>
     <span class='ocr_line' id='line_1_27' title="bbox 261 3249 1309 3338; baseline -0.001 -19"><span class='ocrx_word' id='word_1_164' title='bbox 261 3275 332 3320; x_wconf 88' lang='lat' dir='ltr'><strong>nus</strong></span> <span class='ocrx_word' id='word_1_165' title='bbox 356 3253 569 3335; x_wconf 80' lang='lat' dir='ltr'><strong>respirant3</strong></span> <span class='ocrx_word' id='word_1_166' title='bbox 594 3249 695 3336; x_wconf 91' lang='lat' dir='ltr'><strong>quod</strong></span> <span class='ocrx_word' id='word_1_167' title='bbox 721 3251 764 3312; x_wconf 86' lang='lat' dir='ltr'><strong>iu</strong></span> <span class='ocrx_word' id='word_1_168' title='bbox 796 3267 954 3330; x_wconf 84' lang='lat' dir='ltr'><strong>corpore</strong></span> <span class='ocrx_word' id='word_1_169' title='bbox 984 3251 1154 3315; x_wconf 83' lang='lat' dir='ltr'><strong>masculo</strong></span> <span class='ocrx_word' id='word_1_170' title='bbox 1183 3253 1309 3338; x_wconf 88' lang='lat' dir='ltr'><strong>major</strong></span> 
     </span>
     <span class='ocr_line' id='line_1_28' title="bbox 262 3343 1310 3442; baseline -0.001 -19"><span class='ocrx_word' id='word_1_171' title='bbox 262 3359 315 3424; x_wconf 86' lang='lat' dir='ltr'><strong>sit</strong></span> <span class='ocrx_word' id='word_1_172' title='bbox 335 3359 505 3442; x_wconf 88' lang='lat' dir='ltr'><strong>pilorum</strong></span> <span class='ocrx_word' id='word_1_173' title='bbox 531 3343 643 3437; x_wconf 85' lang='lat' dir='ltr'><strong>copia</strong></span> <span class='ocrx_word' id='word_1_174' title='bbox 661 3372 775 3438; x_wconf 90' lang='lat' dir='ltr'><strong>quam</strong></span> <span class='ocrx_word' id='word_1_175' title='bbox 795 3351 836 3414; x_wconf 89' lang='lat' dir='ltr'><strong>in</strong></span> <span class='ocrx_word' id='word_1_176' title='bbox 854 3349 1022 3414; x_wconf 84' lang='lat' dir='ltr'><strong>femineo</strong></span> <span class='ocrx_word' id='word_1_177' title='bbox 1034 3353 1244 3438; x_wconf 89' lang='lat' dir='ltr'><strong>,siquidem</strong></span> <span class='ocrx_word' id='word_1_178' title='bbox 1265 3356 1310 3424; x_wconf 88' lang='lat' dir='ltr'><strong>in</strong></span> 
     </span>
     <span class='ocr_line' id='line_1_29' title="bbox 262 3435 1307 3543; baseline -0.015 -17"><span class='ocrx_word' id='word_1_179' title='bbox 262 3480 306 3526; x_wconf 90' lang='lat' dir='ltr'><strong>eo</strong></span> <span class='ocrx_word' id='word_1_180' title='bbox 324 3459 497 3543; x_wconf 89' lang='lat' dir='ltr'><strong>positiva</strong></span> <span class='ocrx_word' id='word_1_181' title='bbox 515 3457 704 3539; x_wconf 86' lang='lat' dir='ltr'><strong>polaritas</strong></span> <span class='ocrx_word' id='word_1_182' title='bbox 727 3435 851 3538; x_wconf 79' lang='lat' dir='ltr'><strong>magis</strong></span> <span class='ocrx_word' id='word_1_183' title='bbox 871 3460 1066 3537; x_wconf 83' lang='lat' dir='ltr'><strong>emergat,</strong></span> <span class='ocrx_word' id='word_1_184' title='bbox 1087 3457 1130 3521; x_wconf 89' lang='lat' dir='ltr'><strong>iu</strong></span> <span class='ocrx_word' id='word_1_185' title='bbox 1148 3458 1221 3524; x_wconf 85' lang='lat' dir='ltr'><strong>hoc</strong></span> <span class='ocrx_word' id='word_1_186' title='bbox 1240 3481 1307 3524; x_wconf 88' lang='lat' dir='ltr'><strong>ve.</strong></span> 
     </span>
     <span class='ocr_line' id='line_1_30' title="bbox 237 3556 1310 3648; baseline -0.01 -19"><span class='ocrx_word' id='word_1_187' title='bbox 237 3585 306 3648; x_wconf 59' lang='lat' dir='ltr'><strong>,ro</strong></span> <span class='ocrx_word' id='word_1_188' title='bbox 327 3557 612 3646; x_wconf 77' lang='lat' dir='ltr'><strong>hydrogenium</strong></span> <span class='ocrx_word' id='word_1_189' title='bbox 630 3559 862 3640; x_wconf 87' lang='lat' dir='ltr'><strong>praevaleat.</strong></span> <span class='ocrx_word' id='word_1_190' title='bbox 892 3556 981 3620; x_wconf 91' lang='lat' dir='ltr'><strong>Inde</strong></span> <span class='ocrx_word' id='word_1_191' title='bbox 1002 3558 1120 3624; x_wconf 88' lang='lat' dir='ltr'><strong>etiam</strong></span> <span class='ocrx_word' id='word_1_192' title='bbox 1144 3581 1310 3645; x_wconf 65' lang='lat' dir='ltr'><strong>expone.</strong></span> 
     </span>
     <span class='ocr_line' id='line_1_31' title="bbox 264 3660 1309 3750; baseline -0.002 -18"><span class='ocrx_word' id='word_1_193' title='bbox 264 3687 306 3732; x_wconf 87' lang='lat' dir='ltr'><strong>re</strong></span> <span class='ocrx_word' id='word_1_194' title='bbox 328 3660 637 3746; x_wconf 50' lang='lat' dir='ltr'><strong>satagit,‚quare</strong></span> <span class='ocrx_word' id='word_1_195' title='bbox 660 3666 794 3744; x_wconf 86' lang='lat' dir='ltr'><strong>caput,</strong></span> <span class='ocrx_word' id='word_1_196' title='bbox 817 3662 962 3726; x_wconf 87' lang='lat' dir='ltr'><strong>cerebri</strong></span> <span class='ocrx_word' id='word_1_197' title='bbox 982 3662 1107 3738; x_wconf 89' lang='lat' dir='ltr'><strong>sedes,</strong></span> <span class='ocrx_word' id='word_1_198' title='bbox 1127 3668 1165 3728; x_wconf 87' lang='lat' dir='ltr'><strong>et</strong></span> <span class='ocrx_word' id='word_1_199' title='bbox 1192 3683 1309 3750; x_wconf 83' lang='lat' dir='ltr'><strong>nega·</strong></span> 
     </span>
     <span class='ocr_line' id='line_1_32' title="bbox 264 3763 1309 3853; baseline 0.003 -22"><span class='ocrx_word' id='word_1_200' title='bbox 264 3769 369 3831; x_wconf 88' lang='lat' dir='ltr'><strong>tivus</strong></span> <span class='ocrx_word' id='word_1_201' title='bbox 389 3763 636 3830; x_wconf 82' lang='lat' dir='ltr'><strong>formationis</strong></span> <span class='ocrx_word' id='word_1_202' title='bbox 657 3765 789 3847; x_wconf 90' lang='lat' dir='ltr'><strong>polus,</strong></span> <span class='ocrx_word' id='word_1_203' title='bbox 810 3764 991 3847; x_wconf 88' lang='lat' dir='ltr'><strong>plurimis</strong></span> <span class='ocrx_word' id='word_1_204' title='bbox 1019 3771 1223 3849; x_wconf 82' lang='lat' dir='ltr'><strong>occupetur</strong></span> <span class='ocrx_word' id='word_1_205' title='bbox 1245 3768 1309 3853; x_wconf 88' lang='lat' dir='ltr'><strong>pi-</strong></span> 
     </span>
     <span class='ocr_line' id='line_1_33' title="bbox 264 3865 1310 3953; baseline 0.005 -21"><span class='ocrx_word' id='word_1_206' title='bbox 264 3869 338 3945; x_wconf 90' lang='lat' dir='ltr'><strong>lis,</strong></span> <span class='ocrx_word' id='word_1_207' title='bbox 361 3873 399 3930; x_wconf 88' lang='lat' dir='ltr'><strong>et</strong></span> <span class='ocrx_word' id='word_1_208' title='bbox 420 3885 536 3950; x_wconf 87' lang='lat' dir='ltr'><strong>quare</strong></span> <span class='ocrx_word' id='word_1_209' title='bbox 558 3867 670 3950; x_wconf 85' lang='lat' dir='ltr'><strong>spina</strong></span> <span class='ocrx_word' id='word_1_210' title='bbox 690 3865 852 3931; x_wconf 88' lang='lat' dir='ltr'><strong>dorsalis</strong></span> <span class='ocrx_word' id='word_1_211' title='bbox 878 3867 1167 3953; x_wconf 90' lang='lat' dir='ltr'><strong>quadrupedum</strong></span> <span class='ocrx_word' id='word_1_212' title='bbox 1198 3871 1310 3952; x_wconf 84' lang='lat' dir='ltr'><strong>jubas</strong></span> 
     </span>
     <span class='ocr_line' id='line_1_34' title="bbox 265 3971 1311 4057; baseline 0.003 -17"><span class='ocrx_word' id='word_1_213' title='bbox 265 3975 412 4040; x_wconf 87' lang='lat' dir='ltr'><strong>habeat</strong></span> <span class='ocrx_word' id='word_1_214' title='bbox 431 3973 658 4056; x_wconf 78' lang='lat' dir='ltr'><strong>praelongas</strong></span> <span class='ocrx_word' id='word_1_215' title='bbox 686 3973 750 4057; x_wconf 86' lang='lat' dir='ltr'><strong>h).</strong></span> <span class='ocrx_word' id='word_1_216' title='bbox 781 3971 981 4057; x_wconf 83' lang='lat' dir='ltr'><strong>Quidquid</strong></span> <span class='ocrx_word' id='word_1_217' title='bbox 1001 3973 1074 4048; x_wconf 89' lang='lat' dir='ltr'><strong>sit,</strong></span> <span class='ocrx_word' id='word_1_218' title='bbox 1098 3973 1138 4038; x_wconf 91' lang='lat' dir='ltr'><strong>id</strong></span> <span class='ocrx_word' id='word_1_219' title='bbox 1168 3977 1311 4043; x_wconf 88' lang='lat' dir='ltr'><strong>saltem</strong></span> 
     </span>
     <span class='ocr_line' id='line_1_35' title="bbox 268 4075 1309 4168; baseline 0.007 -28"><span class='ocrx_word' id='word_1_220' title='bbox 268 4087 416 4142; x_wconf 89' lang='lat' dir='ltr'><strong>certum</strong></span> <span class='ocrx_word' id='word_1_221' title='bbox 436 4084 514 4154; x_wconf 89' lang='lat' dir='ltr'><strong>est,</strong></span> <span class='ocrx_word' id='word_1_222' title='bbox 535 4078 705 4161; x_wconf 79' lang='lat' dir='ltr'><strong>pilorum</strong></span> <span class='ocrx_word' id='word_1_223' title='bbox 727 4075 1060 4160; x_wconf 86' lang='lat' dir='ltr'><strong>reproduetionem</strong></span> <span class='ocrx_word' id='word_1_224' title='bbox 1082 4087 1121 4168; x_wconf 83' lang='lat' dir='ltr'><strong>et</strong></span> <span class='ocrx_word' id='word_1_225' title='bbox 1140 4081 1309 4148; x_wconf 85' lang='lat' dir='ltr'><strong>functio·</strong></span> 
     </span>
    </p>
   </div>
   <div class='ocr_carea' id='block_1_7' title="bbox 145 4173 1309 4272">
    <p class='ocr_par' dir='ltr' id='par_1_8' title="bbox 145 4173 1309 4272">
     <span class='ocr_line' id='line_1_36' title="bbox 145 4173 1309 4272; baseline 0.002 -27"><span class='ocrx_word' id='word_1_226' title='bbox 145 4193 148 4202; x_wconf 86' lang='grc'>·</span> <span class='ocrx_word' id='word_1_227' title='bbox 268 4199 356 4246; x_wconf 87' lang='lat' dir='ltr'><strong>nem</strong></span> <span class='ocrx_word' id='word_1_228' title='bbox 384 4173 428 4242; x_wconf 81' lang='lat' dir='ltr'><strong>&#39;in</strong></span> <span class='ocrx_word' id='word_1_229' title='bbox 460 4185 600 4262; x_wconf 85' lang='lat' dir='ltr'><strong>&#39;magna</strong></span> <span class='ocrx_word' id='word_1_230' title='bbox 621 4177 783 4242; x_wconf 80' lang='lat' dir='ltr'><strong>existere</strong></span> <span class='ocrx_word' id='word_1_231' title='bbox 814 4180 1000 4272; x_wconf 79' lang='lat' dir='ltr'><strong>relatiqne</strong></span> <span class='ocrx_word' id='word_1_232' title='bbox 1033 4198 1117 4244; x_wconf 90' lang='lat' dir='ltr'><strong>cum</strong></span> <span class='ocrx_word' id='word_1_233' title='bbox 1150 4202 1309 4266; x_wconf 87' lang='lat' dir='ltr'><strong>corpore</strong></span> 
     </span>
    </p>
   </div>
   <div class='ocr_carea' id='block_1_8' title="bbox 264 4283 1307 4389">
    <p class='ocr_par' dir='ltr' id='par_1_9' title="bbox 264 4283 1307 4389">
     <span class='ocr_line' id='line_1_37' title="bbox 264 4283 1307 4389; baseline 0 -37"><span class='ocrx_word' id='word_1_234' title='bbox 264 4288 468 4360; x_wconf 87' lang='lat' dir='ltr'><strong>universo,</strong></span> <span class='ocrx_word' id='word_1_235' title='bbox 481 4292 603 4389; x_wconf 63' lang='lat' dir='ltr'><strong>⁸atque</strong></span> <span class='ocrx_word' id='word_1_236' title='bbox 633 4283 822 4349; x_wconf 85' lang='lat' dir='ltr'><strong>vitalibus</strong></span> <span class='ocrx_word' id='word_1_237' title='bbox 850 4284 1160 4369; x_wconf 84' lang='lat' dir='ltr'><strong>proprietatibus</strong></span> <span class='ocrx_word' id='word_1_238' title='bbox 1178 4287 1307 4354; x_wconf 80' lang='lat' dir='ltr'><strong>mani·</strong></span> 
     </span>
    </p>
   </div>
   <div class='ocr_carea' id='block_1_9' title="bbox 0 0 1469 5004">
    <p class='ocr_par' dir='ltr' id='par_1_10' title="bbox 0 0 1469 5004">
     <span class='ocr_line' id='line_1_38' title="bbox 0 0 1469 5004; baseline 0 0"><span class='ocrx_word' id='word_1_239' title='bbox 0 0 1469 5004; x_wconf 95' lang='lat' dir='ltr'><strong> </strong></span> 
     </span>
    </p>
   </div>
  </div>
 </body>
</html>
