<?xml version="1.0" encoding="UTF-8"?>
<!DOCTYPE html PUBLIC "-//W3C//DTD XHTML 1.0 Transitional//EN"
    "http://www.w3.org/TR/xhtml1/DTD/xhtml1-transitional.dtd">
<html xmlns="http://www.w3.org/1999/xhtml" xml:lang="en" lang="en">
 <head>
  <title>
</title>
<meta http-equiv="Content-Type" content="text/html;charset=utf-8" />
  <meta name='ocr-system' content='tesseract 3.04.00' />
  <meta name='ocr-capabilities' content='ocr_page ocr_carea ocr_par ocr_line ocrx_word'/>
</head>
<body>
  <div class='ocr_page' id='page_1' title='image "./physiologiamedi02lenhgoog_0099.png"; bbox 0 0 2904 5004; ppageno 0'>
   <div class='ocr_carea' id='block_1_1' title="bbox 275 421 1357 526">
    <p class='ocr_par' dir='ltr' id='par_1_1' title="bbox 275 421 1357 526">
     <span class='ocr_line' id='line_1_1' title="bbox 275 421 1357 526; baseline -0.005 -29"><span class='ocrx_word' id='word_1_1' title='bbox 275 433 316 504; x_wconf 71' lang='lat'><strong>86</strong></span> <span class='ocrx_word' id='word_1_2' title='bbox 359 421 733 496; x_wconf 77' lang='lat' dir='ltr'><strong>Lm&#39;.11.cnr.11.Ds</strong></span> <span class='ocrx_word' id='word_1_3' title='bbox 755 435 843 488; x_wconf 79' lang='lat' dir='ltr'><strong>eeu.</strong></span> <span class='ocrx_word' id='word_1_4' title='bbox 866 437 1087 493; x_wconf 61' lang='lat' dir='ltr'><strong>nunsmonr.</strong></span> <span class='ocrx_word' id='word_1_5' title='bbox 1106 439 1276 492; x_wconf 82' lang='lat' dir='ltr'><strong>srsrru.</strong></span> <span class='ocrx_word' id='word_1_6' title='bbox 1352 519 1357 526; x_wconf 22' lang='grc' dir='ltr'>Ι</span> 
     </span>
    </p>
   </div>
   <div class='ocr_carea' id='block_1_2' title="bbox 202 553 1322 1477">
    <p class='ocr_par' dir='ltr' id='par_1_2' title="bbox 202 553 1322 1477">
     <span class='ocr_line' id='line_1_2' title="bbox 277 553 1321 654; baseline -0.008 -12"><span class='ocrx_word' id='word_1_7' title='bbox 277 573 485 642; x_wconf 86' lang='lat' dir='ltr'><strong>admodum</strong></span> <span class='ocrx_word' id='word_1_8' title='bbox 510 553 667 636; x_wconf 73' lang='lat' dir='ltr'><strong>t&#39;enerae</strong></span> <span class='ocrx_word' id='word_1_9' title='bbox 700 567 801 654; x_wconf 91' lang='lat' dir='ltr'><strong>apud</strong></span> <span class='ocrx_word' id='word_1_10' title='bbox 830 569 1002 649; x_wconf 86' lang='lat' dir='ltr'><strong>foetum,</strong></span> <span class='ocrx_word' id='word_1_11' title='bbox 1034 571 1220 636; x_wconf 85' lang='lat' dir='ltr'><strong>exhalant</strong></span> <span class='ocrx_word' id='word_1_12' title='bbox 1248 567 1321 635; x_wconf 88' lang='lat' dir='ltr'><strong>hu·</strong></span> 
     </span>
     <span class='ocr_line' id='line_1_3' title="bbox 276 672 1320 760; baseline -0.007 -15"><span class='ocrx_word' id='word_1_13' title='bbox 276 699 421 744; x_wconf 84' lang='lat' dir='ltr'><strong>morem</strong></span> <span class='ocrx_word' id='word_1_14' title='bbox 444 693 630 760; x_wconf 84' lang='lat' dir='ltr'><strong>paucum,</strong></span> <span class='ocrx_word' id='word_1_15' title='bbox 657 672 878 760; x_wconf 85' lang='lat' dir='ltr'><strong>sp&#39;ssiorem</strong></span> <span class='ocrx_word' id='word_1_16' title='bbox 903 678 940 736; x_wconf 90' lang='lat' dir='ltr'><strong>et</strong></span> <span class='ocrx_word' id='word_1_17' title='bbox 961 673 1234 758; x_wconf 83' lang='lat' dir='ltr'><strong>unguinosum.</strong></span> <span class='ocrx_word' id='word_1_18' title='bbox 1258 677 1320 738; x_wconf 93' lang='lat' dir='ltr'><strong>In-</strong></span> 
     </span>
     <span class='ocr_line' id='line_1_4' title="bbox 202 775 1320 861; baseline -0.004 -15"><span class='ocrx_word' id='word_1_19' title='bbox 202 845 208 856; x_wconf 75' lang='lat'><strong>,</strong></span> <span class='ocrx_word' id='word_1_20' title='bbox 250 788 448 852; x_wconf 79' lang='lat' dir='ltr'><strong>,crescunt</strong></span> <span class='ocrx_word' id='word_1_21' title='bbox 479 797 566 861; x_wconf 90' lang='lat' dir='ltr'><strong>par1</strong></span> <span class='ocrx_word' id='word_1_22' title='bbox 583 795 679 859; x_wconf 87' lang='lat' dir='ltr'><strong>prop</strong></span> <span class='ocrx_word' id='word_1_23' title='bbox 729 775 836 838; x_wconf 89' lang='lat' dir='ltr'><strong>tione</strong></span> <span class='ocrx_word' id='word_1_24' title='bbox 867 795 953 838; x_wconf 91' lang='lat' dir='ltr'><strong>cum</strong></span> <span class='ocrx_word' id='word_1_25' title='bbox 976 776 1129 859; x_wconf 77' lang='lat' dir='ltr'>organis</span> <span class='ocrx_word' id='word_1_26' title='bbox 1161 782 1320 842; x_wconf 87' lang='lat' dir='ltr'><strong>conten-</strong></span> 
     </span>
     <span class='ocr_line' id='line_1_5' title="bbox 275 879 1321 970; baseline -0.007 -18"><span class='ocrx_word' id='word_1_27' title='bbox 275 889 350 952; x_wconf 87' lang='lat' dir='ltr'><strong>tis·</strong></span> <span class='ocrx_word' id='word_1_28' title='bbox 372 885 634 952; x_wconf 84' lang='lat' dir='ltr'><strong>arachnoidee</strong></span> <span class='ocrx_word' id='word_1_29' title='bbox 663 883 828 970; x_wconf 85' lang='lat' dir='ltr'><strong>hyalina</strong></span> <span class='ocrx_word' id='word_1_30' title='bbox 855 880 976 944; x_wconf 84' lang='lat' dir='ltr'><strong>ferme</strong></span> <span class='ocrx_word' id='word_1_31' title='bbox 1003 884 1082 956; x_wconf 87' lang='lat' dir='ltr'><strong>est,</strong></span> <span class='ocrx_word' id='word_1_32' title='bbox 1105 879 1225 944; x_wconf 89' lang='lat' dir='ltr'><strong>habet</strong></span> <span class='ocrx_word' id='word_1_33' title='bbox 1257 903 1321 948; x_wconf 87' lang='lat' dir='ltr'><strong>ex-</strong></span> 
     </span>
     <span class='ocr_line' id='line_1_6' title="bbox 275 963 1321 1088; baseline -0.01 -29"><span class='ocrx_word' id='word_1_34' title='bbox 275 995 491 1059; x_wconf 71' lang='lat' dir='ltr'><strong>tensionem</strong></span> <span class='ocrx_word' id='word_1_35' title='bbox 525 993 734 1088; x_wconf 81' lang='lat' dir='ltr'><strong>majorem,</strong></span> <span class='ocrx_word' id='word_1_36' title='bbox 769 993 806 1052; x_wconf 90' lang='lat' dir='ltr'><strong>et</strong></span> <span class='ocrx_word' id='word_1_37' title='bbox 833 987 940 1071; x_wconf 84' lang='lat' dir='ltr'><strong>viget</strong></span> <span class='ocrx_word' id='word_1_38' title='bbox 969 986 1092 1069; x_wconf 70' lang='lat' dir='ltr'><strong>maior</strong></span> <span class='ocrx_word' id='word_1_39' title='bbox 1108 963 1159 1048; x_wconf 89' lang='lat' dir='ltr'><strong>in</strong></span> <span class='ocrx_word' id='word_1_40' title='bbox 1190 1007 1234 1051; x_wconf 90' lang='lat' dir='ltr'><strong>ee</strong></span> <span class='ocrx_word' id='word_1_41' title='bbox 1264 1007 1321 1050; x_wconf 89' lang='lat' dir='ltr'><strong>re-</strong></span> 
     </span>
     <span class='ocr_line' id='line_1_7' title="bbox 265 1075 1322 1182; baseline -0.009 -20"><span class='ocrx_word' id='word_1_42' title='bbox 265 1095 505 1182; x_wconf 78' lang='lat' dir='ltr'><strong>,productiva</strong></span> <span class='ocrx_word' id='word_1_43' title='bbox 533 1094 716 1158; x_wconf 89' lang='lat' dir='ltr'><strong>activitas</strong></span> <span class='ocrx_word' id='word_1_44' title='bbox 742 1104 857 1176; x_wconf 87' lang='lat' dir='ltr'><strong>quem</strong></span> <span class='ocrx_word' id='word_1_45' title='bbox 889 1075 1015 1153; x_wconf 80' lang='lat' dir='ltr'><strong>aetate</strong></span> <span class='ocrx_word' id='word_1_46' title='bbox 1041 1089 1196 1164; x_wconf 81' lang='lat' dir='ltr'><strong>adulta,</strong></span> <span class='ocrx_word' id='word_1_47' title='bbox 1220 1089 1322 1173; x_wconf 89' lang='lat' dir='ltr'><strong>quod</strong></span> 
     </span>
     <span class='ocr_line' id='line_1_8' title="bbox 272 1183 1321 1281; baseline -0.009 -17.991"><span class='ocrx_word' id='word_1_48' title='bbox 272 1197 475 1281; x_wconf 83' lang='lat' dir='ltr'><strong>&#39;encepheli</strong></span> <span class='ocrx_word' id='word_1_49' title='bbox 495 1195 664 1261; x_wconf 80' lang='lat' dir='ltr'>evolutio</span> <span class='ocrx_word' id='word_1_50' title='bbox 699 1186 898 1279; x_wconf 83' lang='lat' dir='ltr'><strong>deposcit,</strong></span> <span class='ocrx_word' id='word_1_51' title='bbox 918 1190 1019 1255; x_wconf 88' lang='lat' dir='ltr'><strong>unde</strong></span> <span class='ocrx_word' id='word_1_52' title='bbox 1049 1183 1321 1278; x_wconf 76' lang='lat' dir='ltr'><strong>hydrocbphe-</strong></span> 
     </span>
     <span class='ocr_line' id='line_1_9' title="bbox 273 1295 1318 1384; baseline -0.006 -18"><span class='ocrx_word' id='word_1_53' title='bbox 273 1301 362 1366; x_wconf 89' lang='lat' dir='ltr'><strong>lus</strong></span> <span class='ocrx_word' id='word_1_54' title='bbox 363 1301 491 1384; x_wconf 85' lang='lat' dir='ltr'><strong>prima</strong></span> <span class='ocrx_word' id='word_1_55' title='bbox 512 1299 618 1364; x_wconf 86' lang='lat' dir='ltr'><strong>vitae</strong></span> <span class='ocrx_word' id='word_1_56' title='bbox 645 1295 804 1379; x_wconf 81' lang='lat' dir='ltr'><strong>periodo</strong></span> <span class='ocrx_word' id='word_1_57' title='bbox 827 1301 909 1358; x_wconf 86' lang='lat' dir='ltr'><strong>tam</strong></span> <span class='ocrx_word' id='word_1_58' title='bbox 931 1295 1153 1379; x_wconf 83' lang='lat' dir='ltr'><strong>frequenter</strong></span> <span class='ocrx_word' id='word_1_59' title='bbox 1187 1295 1318 1360; x_wconf 90' lang='lat' dir='ltr'><strong>obori-</strong></span> 
     </span>
     <span class='ocr_line' id='line_1_10' title="bbox 272 1398 1318 1477; baseline -0.009 -7"><span class='ocrx_word' id='word_1_60' title='bbox 272 1412 348 1470; x_wconf 90' lang='lat' dir='ltr'><strong>tur.</strong></span> <span class='ocrx_word' id='word_1_61' title='bbox 381 1406 567 1475; x_wconf 75' lang='lat' dir='ltr'><strong>Constant</strong></span> <span class='ocrx_word' id='word_1_62' title='bbox 598 1401 847 1466; x_wconf 72' lang='lat' dir='ltr'><strong>membranae</strong></span> <span class='ocrx_word' id='word_1_63' title='bbox 876 1398 950 1463; x_wconf 90' lang='lat' dir='ltr'><strong>hae</strong></span> <span class='ocrx_word' id='word_1_64' title='bbox 982 1399 1062 1464; x_wconf 90' lang='lat' dir='ltr'><strong>solo</strong></span> <span class='ocrx_word' id='word_1_65' title='bbox 1083 1399 1204 1477; x_wconf 82' lang='lat' dir='ltr'><strong>ferme</strong></span> <span class='ocrx_word' id='word_1_66' title='bbox 1227 1419 1318 1462; x_wconf 89' lang='lat' dir='ltr'><strong>con-</strong></span> 
     </span>
    </p>
   </div>
   <div class='ocr_carea' id='block_1_3' title="bbox 159 1501 1319 1592">
    <p class='ocr_par' dir='ltr' id='par_1_3' title="bbox 159 1501 1319 1592">
     <span class='ocr_line' id='line_1_11' title="bbox 159 1501 1319 1592; baseline -0.006 -19"><span class='ocrx_word' id='word_1_67' title='bbox 159 1523 163 1536; x_wconf 91' lang='lat'><em>·</em></span> <span class='ocrx_word' id='word_1_68' title='bbox 271 1509 431 1582; x_wconf 90' lang='lat' dir='ltr'><strong>densato</strong></span> <span class='ocrx_word' id='word_1_69' title='bbox 452 1509 601 1592; x_wconf 66' lang='lat' dir='ltr'><strong>plutius</strong></span> <span class='ocrx_word' id='word_1_70' title='bbox 618 1512 792 1589; x_wconf 82' lang='lat' dir='ltr'><strong>tempore</strong></span> <span class='ocrx_word' id='word_1_71' title='bbox 816 1505 915 1578; x_wconf 89' lang='lat' dir='ltr'><strong>isto,</strong></span> <span class='ocrx_word' id='word_1_72' title='bbox 936 1501 1054 1584; x_wconf 86' lang='lat' dir='ltr'><strong>adeo,</strong></span> <span class='ocrx_word' id='word_1_73' title='bbox 1082 1509 1127 1567; x_wconf 91' lang='lat' dir='ltr'><strong>ut</strong></span> <span class='ocrx_word' id='word_1_74' title='bbox 1146 1523 1319 1574; x_wconf 79' lang='lat' dir='ltr'><strong>macera,-</strong></span> 
     </span>
    </p>
   </div>
   <div class='ocr_carea' id='block_1_4' title="bbox 202 1607 1319 2422">
    <p class='ocr_par' dir='ltr' id='par_1_4' title="bbox 202 1607 1318 1881">
     <span class='ocr_line' id='line_1_12' title="bbox 202 1607 1318 1692; baseline -0.005 -16"><span class='ocrx_word' id='word_1_75' title='bbox 202 1655 204 1664; x_wconf 48' lang='grc' dir='ltr'>ι</span> <span class='ocrx_word' id='word_1_76' title='bbox 262 1615 380 1678; x_wconf 85' lang='lat' dir='ltr'><strong>tione</strong></span> <span class='ocrx_word' id='word_1_77' title='bbox 401 1617 439 1676; x_wconf 91' lang='lat' dir='ltr'><strong>et</strong></span> <span class='ocrx_word' id='word_1_78' title='bbox 458 1611 715 1680; x_wconf 64' lang='lat' dir='ltr'><strong>decoctione</strong></span> <span class='ocrx_word' id='word_1_79' title='bbox 704 1629 745 1676; x_wconf 87' lang='lat' dir='ltr'><strong>m</strong></span> <span class='ocrx_word' id='word_1_80' title='bbox 765 1611 913 1692; x_wconf 87' lang='lat' dir='ltr'><strong>pultem</strong></span> <span class='ocrx_word' id='word_1_81' title='bbox 933 1607 1049 1672; x_wconf 85' lang='lat' dir='ltr'><strong>facile</strong></span> <span class='ocrx_word' id='word_1_82' title='bbox 1063 1607 1318 1672; x_wconf 77' lang='lat' dir='ltr'><strong>resolventur..</strong></span> 
     </span>
     <span class='ocr_line' id='line_1_13' title="bbox 272 1711 1319 1795; baseline -0.004 -19"><span class='ocrx_word' id='word_1_83' title='bbox 272 1712 535 1780; x_wconf 83' lang='lat' dir='ltr'><strong>Anativitate</strong></span> <span class='ocrx_word' id='word_1_84' title='bbox 566 1711 808 1795; x_wconf 83' lang='lat' dir='ltr'><strong>pedetentim</strong></span> <span class='ocrx_word' id='word_1_85' title='bbox 839 1712 1101 1778; x_wconf 79' lang='lat' dir='ltr'><strong>incrassantur</strong></span> <span class='ocrx_word' id='word_1_86' title='bbox 1123 1715 1162 1772; x_wconf 90' lang='lat' dir='ltr'><strong>et</strong></span> <span class='ocrx_word' id='word_1_87' title='bbox 1184 1729 1319 1773; x_wconf 85' lang='lat' dir='ltr'><strong>conso·</strong></span> 
     </span>
     <span class='ocr_line' id='line_1_14' title="bbox 270 1810 1317 1884; baseline -0.006 -4"><span class='ocrx_word' id='word_1_88' title='bbox 270 1813 460 1881; x_wconf 87' lang='lat' dir='ltr'><strong>lidantur.</strong></span> <span class='ocrx_word' id='word_1_89' title='bbox 483 1817 526 1878; x_wconf 90' lang='lat' dir='ltr'><strong>In</strong></span> <span class='ocrx_word' id='word_1_90' title='bbox 547 1821 741 1880; x_wconf 77' lang='lat' dir='ltr'><strong>senectute</strong></span> <span class='ocrx_word' id='word_1_91' title='bbox 763 1811 901 1878; x_wconf 89' lang='lat' dir='ltr'><strong>densae</strong></span> <span class='ocrx_word' id='word_1_92' title='bbox 932 1811 1144 1875; x_wconf 87' lang='lat' dir='ltr'><strong>redduntur</strong></span> <span class='ocrx_word' id='word_1_93' title='bbox 1165 1813 1202 1876; x_wconf 89' lang='lat' dir='ltr'><strong>et</strong></span> <span class='ocrx_word' id='word_1_94' title='bbox 1221 1810 1317 1884; x_wconf 79' lang='lat' dir='ltr'><strong>soli,-</strong></span> 
     </span>
    </p>

    <p class='ocr_par' dir='ltr' id='par_1_5' title="bbox 271 1909 1317 2000">
     <span class='ocr_line' id='line_1_15' title="bbox 271 1909 1317 2000; baseline -0.004 -20"><span class='ocrx_word' id='word_1_95' title='bbox 271 1915 342 1986; x_wconf 89' lang='lat' dir='ltr'><strong>dee</strong></span> <span class='ocrx_word' id='word_1_96' title='bbox 355 1958 365 1992; x_wconf 91' lang='lat'>‚</span> <span class='ocrx_word' id='word_1_97' title='bbox 387 1936 453 1982; x_wconf 89' lang='lat' dir='ltr'><strong>nec</strong></span> <span class='ocrx_word' id='word_1_98' title='bbox 474 1937 562 1982; x_wconf 85' lang='lat' dir='ltr'><strong>raro</strong></span> <span class='ocrx_word' id='word_1_99' title='bbox 583 1919 804 1982; x_wconf 88' lang='lat' dir='ltr'><strong>coalescunt</strong></span> <span class='ocrx_word' id='word_1_100' title='bbox 831 1933 917 2000; x_wconf 80' lang='lat' dir='ltr'><strong>cum</strong></span> <span class='ocrx_word' id='word_1_101' title='bbox 944 1909 1120 1996; x_wconf 89' lang='lat' dir='ltr'><strong>partibus</strong></span> <span class='ocrx_word' id='word_1_102' title='bbox 1148 1913 1317 1994; x_wconf 85' lang='lat' dir='ltr'><strong>vicinis;</strong></span> 
     </span>
    </p>

    <p class='ocr_par' dir='ltr' id='par_1_6' title="bbox 214 1988 1317 2416">
     <span class='ocr_line' id='line_1_16' title="bbox 268 1988 1317 2105; baseline -0.003 -22.997"><span class='ocrx_word' id='word_1_103' title='bbox 268 2019 459 2096; x_wconf 82' lang='lat' dir='ltr'><strong>amittunt</strong></span> <span class='ocrx_word' id='word_1_104' title='bbox 480 2020 598 2094; x_wconf 85' lang='lat' dir='ltr'><strong>simui</strong></span> <span class='ocrx_word' id='word_1_105' title='bbox 619 1988 865 2105; x_wconf 78' lang='lat' dir='ltr'><strong>lymphatica</strong></span> <span class='ocrx_word' id='word_1_106' title='bbox 885 2035 979 2086; x_wconf 83' lang='lat' dir='ltr'><strong>vasa</strong></span> <span class='ocrx_word' id='word_1_107' title='bbox 1003 2015 1225 2080; x_wconf 90' lang='lat' dir='ltr'><strong>resorbendi</strong></span> <span class='ocrx_word' id='word_1_108' title='bbox 1248 2039 1317 2102; x_wconf 90' lang='lat' dir='ltr'><strong>po·</strong></span> 
     </span>
     <span class='ocr_line' id='line_1_17' title="bbox 214 2118 1313 2208; baseline 0.002 -22"><span class='ocrx_word' id='word_1_109' title='bbox 214 2126 217 2138; x_wconf 68' lang='lat'><em>⁴</em></span> <span class='ocrx_word' id='word_1_110' title='bbox 268 2127 485 2201; x_wconf 81' lang='lat' dir='ltr'><strong>testatem,</strong></span> <span class='ocrx_word' id='word_1_111' title='bbox 516 2123 617 2192; x_wconf 88' lang='lat' dir='ltr'><strong>unde</strong></span> <span class='ocrx_word' id='word_1_112' title='bbox 645 2120 875 2208; x_wconf 87' lang='lat' dir='ltr'><strong>hydropes</strong></span> <span class='ocrx_word' id='word_1_113' title='bbox 864 2141 906 2184; x_wconf 92' lang='lat' dir='ltr'><strong>1n</strong></span> <span class='ocrx_word' id='word_1_114' title='bbox 941 2118 1043 2182; x_wconf 85' lang='lat' dir='ltr'><strong>cavis</strong></span> <span class='ocrx_word' id='word_1_115' title='bbox 1075 2119 1313 2208; x_wconf 71' lang='lat' dir='ltr'><strong>maioribus,</strong></span> 
     </span>
     <span class='ocr_line' id='line_1_18' title="bbox 267 2220 1315 2314; baseline 0.002 -25.002"><span class='ocrx_word' id='word_1_116' title='bbox 267 2221 465 2294; x_wconf 77' lang='lat' dir='ltr'><strong>thoracis</strong></span> <span class='ocrx_word' id='word_1_117' title='bbox 472 2246 557 2290; x_wconf 90' lang='lat' dir='ltr'><strong>cum</strong></span> <span class='ocrx_word' id='word_1_118' title='bbox 588 2227 726 2308; x_wconf 88' lang='lat' dir='ltr'><strong>primis</strong></span> <span class='ocrx_word' id='word_1_119' title='bbox 760 2231 798 2296; x_wconf 85' lang='lat' dir='ltr'><strong>et</strong></span> <span class='ocrx_word' id='word_1_120' title='bbox 826 2220 1055 2314; x_wconf 75' lang='lat' dir='ltr'><strong>pericardii‚</strong></span> <span class='ocrx_word' id='word_1_121' title='bbox 1077 2223 1178 2312; x_wconf 84' lang='lat' dir='ltr'><strong>apud</strong></span> <span class='ocrx_word' id='word_1_122' title='bbox 1206 2247 1315 2310; x_wconf 64' lang='lat' dir='ltr'><strong>senes</strong></span> 
     </span>
     <span class='ocr_line' id='line_1_19' title="bbox 269 2328 706 2422; baseline -0.007 -28"><span class='ocrx_word' id='word_1_123' title='bbox 269 2329 522 2416; x_wconf 79' lang='lat' dir='ltr'><strong>frequenter</strong></span> <span class='ocrx_word' id='word_1_124' title='bbox 515 2328 706 2422; x_wconf 77' lang='lat' dir='ltr'><strong>oriuntur.</strong></span> 
     </span>
    </p>
   </div>
   <div class='ocr_carea' id='block_1_5' title="bbox 342 2491 1316 2578">
    <p class='ocr_par' dir='ltr' id='par_1_7' title="bbox 342 2491 1316 2578">
     <span class='ocr_line' id='line_1_20' title="bbox 342 2491 1316 2578; baseline -0.002 -20"><span class='ocrx_word' id='word_1_125' title='bbox 342 2493 639 2578; x_wconf 33' lang='lat' dir='ltr'><strong>&#39;Reproductiva</strong></span> <span class='ocrx_word' id='word_1_126' title='bbox 659 2493 718 2558; x_wconf 87' lang='lat' dir='ltr'><strong>vis</strong></span> <span class='ocrx_word' id='word_1_127' title='bbox 748 2491 872 2556; x_wconf 89' lang='lat' dir='ltr'><strong>multo</strong></span> <span class='ocrx_word' id='word_1_128' title='bbox 895 2491 1018 2576; x_wconf 81' lang='lat' dir='ltr'><strong>major</strong></span> <span class='ocrx_word' id='word_1_129' title='bbox 1039 2497 1096 2556; x_wconf 86' lang='lat' dir='ltr'><strong>est</strong></span> <span class='ocrx_word' id='word_1_130' title='bbox 1124 2493 1166 2556; x_wconf 88' lang='lat' dir='ltr'><strong>in</strong></span> <span class='ocrx_word' id='word_1_131' title='bbox 1188 2511 1316 2557; x_wconf 88' lang='lat' dir='ltr'><strong>seroso</strong></span> 
     </span>
    </p>
   </div>
   <div class='ocr_carea' id='block_1_6' title="bbox 142 2594 1315 2684">
    <p class='ocr_par' dir='ltr' id='par_1_8' title="bbox 142 2594 1315 2684">
     <span class='ocr_line' id='line_1_21' title="bbox 142 2594 1315 2684; baseline -0.003 -23"><span class='ocrx_word' id='word_1_132' title='bbox 142 2663 145 2678; x_wconf 65' lang='grc'>,</span> <span class='ocrx_word' id='word_1_133' title='bbox 267 2615 384 2684; x_wconf 88' lang='lat' dir='ltr'><strong>quam</strong></span> <span class='ocrx_word' id='word_1_134' title='bbox 407 2597 447 2678; x_wconf 82' lang='lat' dir='ltr'><strong>in</strong></span> <span class='ocrx_word' id='word_1_135' title='bbox 471 2615 628 2660; x_wconf 84' lang='lat' dir='ltr'><strong>mucoso</strong></span> <span class='ocrx_word' id='word_1_136' title='bbox 649 2600 879 2682; x_wconf 81' lang='lat' dir='ltr'><strong>systemate,</strong></span> <span class='ocrx_word' id='word_1_137' title='bbox 900 2599 943 2658; x_wconf 92' lang='lat' dir='ltr'><strong>ut</strong></span> <span class='ocrx_word' id='word_1_138' title='bbox 966 2594 1229 2660; x_wconf 87' lang='lat' dir='ltr'><strong>concretiones</strong></span> <span class='ocrx_word' id='word_1_139' title='bbox 1251 2616 1315 2658; x_wconf 91' lang='lat' dir='ltr'><strong>ea-</strong></span> 
     </span>
    </p>
   </div>
   <div class='ocr_carea' id='block_1_7' title="bbox 255 2696 1317 4211">
    <p class='ocr_par' dir='ltr' id='par_1_9' title="bbox 255 2696 1317 4211">
     <span class='ocr_line' id='line_1_22' title="bbox 267 2696 1315 2784; baseline -0.005 -17"><span class='ocrx_word' id='word_1_140' title='bbox 267 2721 353 2767; x_wconf 84' lang='lat' dir='ltr'><strong>rum</strong></span> <span class='ocrx_word' id='word_1_141' title='bbox 370 2696 785 2784; x_wconf 81' lang='lat' dir='ltr'><strong>tunicarum,phlogosi</strong></span> <span class='ocrx_word' id='word_1_142' title='bbox 805 2703 1082 2779; x_wconf 79' lang='lat' dir='ltr'><strong>correptas-um,</strong></span> <span class='ocrx_word' id='word_1_143' title='bbox 1095 2699 1315 2764; x_wconf 88' lang='lat' dir='ltr'><strong>ostendunt.</strong></span> 
     </span>
     <span class='ocr_line' id='line_1_23' title="bbox 270 2799 1315 2889; baseline 0 -21"><span class='ocrx_word' id='word_1_144' title='bbox 270 2804 618 2889; x_wconf 78' lang='lat' dir='ltr'><strong>Frequentissimas</strong></span> <span class='ocrx_word' id='word_1_145' title='bbox 637 2802 890 2886; x_wconf 82' lang='lat' dir='ltr'><strong>adhaesiones</strong></span> <span class='ocrx_word' id='word_1_146' title='bbox 908 2799 986 2864; x_wconf 88' lang='lat' dir='ltr'><strong>init</strong></span> <span class='ocrx_word' id='word_1_147' title='bbox 1006 2801 1166 2884; x_wconf 84' lang='lat' dir='ltr'><strong>pleure,</strong></span> <span class='ocrx_word' id='word_1_148' title='bbox 1189 2804 1315 2868; x_wconf 89' lang='lat' dir='ltr'><strong>rario-</strong></span> 
     </span>
     <span class='ocr_line' id='line_1_24' title="bbox 255 2909 1314 2998; baseline -0.002 -24"><span class='ocrx_word' id='word_1_149' title='bbox 255 2909 328 2974; x_wconf 84' lang='lat' dir='ltr'><strong>&#39;res</strong></span> <span class='ocrx_word' id='word_1_150' title='bbox 353 2909 625 2998; x_wconf 79' lang='lat' dir='ltr'><strong>pericardium&#39;</strong></span> <span class='ocrx_word' id='word_1_151' title='bbox 647 2917 684 2976; x_wconf 90' lang='lat' dir='ltr'><strong>et</strong></span> <span class='ocrx_word' id='word_1_152' title='bbox 705 2911 973 2993; x_wconf 84' lang='lat' dir='ltr'><strong>peritoneeum</strong></span> <span class='ocrx_word' id='word_1_153' title='bbox 986 2953 996 2986; x_wconf 93' lang='lat'><strong><em>‚</em></strong></span> <span class='ocrx_word' id='word_1_154' title='bbox 1017 2917 1132 2994; x_wconf 86' lang='lat' dir='ltr'><strong>atque</strong></span> <span class='ocrx_word' id='word_1_155' title='bbox 1160 2910 1314 2988; x_wconf 86' lang='lat' dir='ltr'><strong>rarissi-</strong></span> 
     </span>
     <span class='ocr_line' id='line_1_25' title="bbox 268 3011 1315 3102; baseline 0.001 -27"><span class='ocrx_word' id='word_1_156' title='bbox 268 3029 351 3075; x_wconf 87' lang='lat' dir='ltr'><strong>mas</strong></span> <span class='ocrx_word' id='word_1_157' title='bbox 373 3011 640 3102; x_wconf 76' lang='lat' dir='ltr'><strong>arachnoidea.</strong></span> <span class='ocrx_word' id='word_1_158' title='bbox 663 3013 759 3078; x_wconf 88' lang='lat' dir='ltr'><strong>Sunt</strong></span> <span class='ocrx_word' id='word_1_159' title='bbox 779 3020 909 3092; x_wconf 87' lang='lat' dir='ltr'><strong>autem</strong></span> <span class='ocrx_word' id='word_1_160' title='bbox 937 3014 1196 3078; x_wconf 89' lang='lat' dir='ltr'><strong>concretiones</strong></span> <span class='ocrx_word' id='word_1_161' title='bbox 1217 3013 1315 3079; x_wconf 87' lang='lat' dir='ltr'><strong>istae</strong></span> 
     </span>
     <span class='ocr_line' id='line_1_26' title="bbox 268 3117 1314 3202; baseline 0.005 -26"><span class='ocrx_word' id='word_1_162' title='bbox 268 3119 350 3176; x_wconf 89' lang='lat' dir='ltr'><strong>tam</strong></span> <span class='ocrx_word' id='word_1_163' title='bbox 374 3120 502 3178; x_wconf 87' lang='lat' dir='ltr'><strong>arctae</strong></span> <span class='ocrx_word' id='word_1_164' title='bbox 524 3135 823 3202; x_wconf 88' lang='lat' dir='ltr'><strong>nonnunquam,</strong></span> <span class='ocrx_word' id='word_1_165' title='bbox 846 3122 889 3180; x_wconf 89' lang='lat' dir='ltr'><strong>ut</strong></span> <span class='ocrx_word' id='word_1_166' title='bbox 919 3122 1118 3182; x_wconf 88' lang='lat' dir='ltr'><strong>concretae</strong></span> <span class='ocrx_word' id='word_1_167' title='bbox 1143 3117 1314 3182; x_wconf 87' lang='lat' dir='ltr'><strong>laminae</strong></span> 
     </span>
     <span class='ocr_line' id='line_1_27' title="bbox 266 3204 1314 3304; baseline 0.002 -22"><span class='ocrx_word' id='word_1_168' title='bbox 266 3218 423 3284; x_wconf 87' lang='lat' dir='ltr'><strong>unicam</strong></span> <span class='ocrx_word' id='word_1_169' title='bbox 445 3219 656 3301; x_wconf 81' lang='lat' dir='ltr'><strong>exhibeant</strong></span> <span class='ocrx_word' id='word_1_170' title='bbox 677 3204 964 3304; x_wconf 63' lang='lat' dir='ltr'><strong>membranam</strong></span> <span class='ocrx_word' id='word_1_171' title='bbox 986 3219 1026 3283; x_wconf 92' lang='lat' dir='ltr'><strong>in</strong></span> <span class='ocrx_word' id='word_1_172' title='bbox 1050 3216 1140 3284; x_wconf 86' lang='lat' dir='ltr'><strong>eliis</strong></span> <span class='ocrx_word' id='word_1_173' title='bbox 1163 3221 1314 3284; x_wconf 87' lang='lat' dir='ltr'><strong>casibus</strong></span> 
     </span>
     <span class='ocr_line' id='line_1_28' title="bbox 267 3322 1315 3406; baseline 0.003 -21"><span class='ocrx_word' id='word_1_174' title='bbox 267 3322 358 3388; x_wconf 81' lang='lat' dir='ltr'><strong>lexa</strong></span> <span class='ocrx_word' id='word_1_175' title='bbox 378 3327 434 3400; x_wconf 80' lang='lat' dir='ltr'><strong>est</strong></span> <span class='ocrx_word' id='word_1_176' title='bbox 464 3322 664 3398; x_wconf 86' lang='lat' dir='ltr'><strong>cohaesio,</strong></span> <span class='ocrx_word' id='word_1_177' title='bbox 687 3323 1014 3406; x_wconf 84' lang='lat' dir='ltr'><strong>intercedentibus</strong></span> <span class='ocrx_word' id='word_1_178' title='bbox 1043 3322 1122 3387; x_wconf 90' lang='lat' dir='ltr'><strong>filis</strong></span> <span class='ocrx_word' id='word_1_179' title='bbox 1157 3324 1315 3388; x_wconf 89' lang='lat' dir='ltr'><strong>cellule·</strong></span> 
     </span>
     <span class='ocr_line' id='line_1_29' title="bbox 267 3425 1313 3511; baseline -0.001 -20"><span class='ocrx_word' id='word_1_180' title='bbox 267 3425 374 3502; x_wconf 88' lang='lat' dir='ltr'><strong>ribus</strong></span> <span class='ocrx_word' id='word_1_181' title='bbox 414 3425 580 3508; x_wconf 67' lang='lat' dir='ltr'><strong>positas</strong></span> <span class='ocrx_word' id='word_1_182' title='bbox 620 3425 785 3511; x_wconf 90' lang='lat' dir='ltr'><strong>denique</strong></span> <span class='ocrx_word' id='word_1_183' title='bbox 825 3428 1068 3504; x_wconf 76' lang='lat' dir='ltr'><strong>intercedunt</strong></span> <span class='ocrx_word' id='word_1_184' title='bbox 1108 3447 1186 3490; x_wconf 91' lang='lat' dir='ltr'><strong>non</strong></span> <span class='ocrx_word' id='word_1_185' title='bbox 1224 3445 1313 3490; x_wconf 88' lang='lat' dir='ltr'><strong>raro</strong></span> 
     </span>
     <span class='ocr_line' id='line_1_30' title="bbox 267 3527 1317 3626; baseline -0.004 -32"><span class='ocrx_word' id='word_1_186' title='bbox 267 3528 687 3626; x_wconf 82' lang='lat' dir='ltr'><strong>pseudomembranae‚</strong></span> <span class='ocrx_word' id='word_1_187' title='bbox 708 3531 811 3596; x_wconf 85' lang='lat' dir='ltr'><strong>vasis</strong></span> <span class='ocrx_word' id='word_1_188' title='bbox 848 3533 968 3596; x_wconf 84' lang='lat' dir='ltr'><strong>etiem</strong></span> <span class='ocrx_word' id='word_1_189' title='bbox 999 3527 1233 3612; x_wconf 85' lang='lat' dir='ltr'><strong>sanguiferis</strong></span> <span class='ocrx_word' id='word_1_190' title='bbox 1256 3527 1317 3614; x_wconf 83' lang='lat' dir='ltr'><strong>in-</strong></span> 
     </span>
     <span class='ocr_line' id='line_1_31' title="bbox 267 3627 1312 3722; baseline -0.006 -24"><span class='ocrx_word' id='word_1_191' title='bbox 267 3638 437 3698; x_wconf 83' lang='lat' dir='ltr'><strong>structae</strong></span> <span class='ocrx_word' id='word_1_192' title='bbox 450 3672 461 3706; x_wconf 87' lang='lat'>,</span> <span class='ocrx_word' id='word_1_193' title='bbox 482 3637 617 3715; x_wconf 87' lang='lat' dir='ltr'><strong>utpote</strong></span> <span class='ocrx_word' id='word_1_194' title='bbox 648 3627 974 3698; x_wconf 84' lang='lat' dir='ltr'><strong>inflammationis·</strong></span> <span class='ocrx_word' id='word_1_195' title='bbox 1004 3632 1202 3716; x_wconf 76' lang='lat' dir='ltr'><strong>producta.</strong></span> <span class='ocrx_word' id='word_1_196' title='bbox 1222 3629 1312 3722; x_wconf 49' lang='lat' dir='ltr'><strong>&#39;Ad-</strong></span> 
     </span>
     <span class='ocr_line' id='line_1_32' title="bbox 268 3731 1314 3819; baseline 0 -19"><span class='ocrx_word' id='word_1_197' title='bbox 268 3731 432 3800; x_wconf 82' lang='lat' dir='ltr'><strong>haesiva</strong></span> <span class='ocrx_word' id='word_1_198' title='bbox 454 3755 497 3798; x_wconf 89' lang='lat' dir='ltr'><strong>ea</strong></span> <span class='ocrx_word' id='word_1_199' title='bbox 525 3755 741 3798; x_wconf 83' lang='lat' dir='ltr'><strong>sereserum</strong></span> <span class='ocrx_word' id='word_1_200' title='bbox 772 3737 1087 3802; x_wconf 83' lang='lat' dir='ltr'><strong>membranarum</strong></span> <span class='ocrx_word' id='word_1_201' title='bbox 1119 3739 1314 3819; x_wconf 80' lang='lat' dir='ltr'><strong>potestate</strong></span> 
     </span>
     <span class='ocr_line' id='line_1_33' title="bbox 269 3835 1314 3923; baseline 0.002 -25"><span class='ocrx_word' id='word_1_202' title='bbox 269 3835 467 3919; x_wconf 77' lang='lat' dir='ltr'><strong>chirurgia</strong></span> <span class='ocrx_word' id='word_1_203' title='bbox 485 3857 597 3920; x_wconf 87' lang='lat' dir='ltr'><strong>saepe</strong></span> <span class='ocrx_word' id='word_1_204' title='bbox 626 3836 770 3920; x_wconf 73' lang='lat' dir='ltr'><strong>utitur,</strong></span> <span class='ocrx_word' id='word_1_205' title='bbox 795 3838 835 3914; x_wconf 87' lang='lat' dir='ltr'><strong>in</strong></span> <span class='ocrx_word' id='word_1_206' title='bbox 862 3839 1087 3923; x_wconf 86' lang='lat' dir='ltr'><strong>op&#39;er&#39;atione</strong></span> <span class='ocrx_word' id='word_1_207' title='bbox 1109 3836 1314 3922; x_wconf 80' lang='lat' dir='ltr'><strong>praecipue</strong></span> 
     </span>
     <span class='ocr_line' id='line_1_34' title="bbox 267 3936 1313 4024; baseline 0 -22"><span class='ocrx_word' id='word_1_208' title='bbox 267 3936 483 4024; x_wconf 86' lang='lat' dir='ltr'><strong>hydrocele.</strong></span> <span class='ocrx_word' id='word_1_209' title='bbox 516 3942 574 4004; x_wconf 80' lang='lat' dir='ltr'><strong>An</strong></span> <span class='ocrx_word' id='word_1_210' title='bbox 594 3938 815 4020; x_wconf 87' lang='lat' dir='ltr'><strong>deperditae</strong></span> <span class='ocrx_word' id='word_1_211' title='bbox 841 3942 1004 4024; x_wconf 78' lang='lat' dir='ltr'><strong>majores</strong></span> <span class='ocrx_word' id='word_1_212' title='bbox 1034 3940 1155 4004; x_wconf 88' lang='lat' dir='ltr'><strong>serosi</strong></span> <span class='ocrx_word' id='word_1_213' title='bbox 1184 3943 1313 4020; x_wconf 78' lang='lat' dir='ltr'><strong>textus</strong></span> 
     </span>
     <span class='ocr_line' id='line_1_35' title="bbox 268 4045 1317 4132; baseline 0.003 -24"><span class='ocrx_word' id='word_1_214' title='bbox 268 4045 463 4126; x_wconf 85' lang='lat' dir='ltr'><strong>portiones</strong></span> <span class='ocrx_word' id='word_1_215' title='bbox 486 4045 693 4132; x_wconf 79' lang='lat' dir='ltr'><strong>repsoduci</strong></span> <span class='ocrx_word' id='word_1_216' title='bbox 715 4065 761 4114; x_wconf 72' lang='lat' dir='ltr'><strong>ss</strong></span> <span class='ocrx_word' id='word_1_217' title='bbox 784 4046 935 4132; x_wconf 68' lang='lat' dir='ltr'><strong>integro</strong></span> <span class='ocrx_word' id='word_1_218' title='bbox 956 4045 1129 4132; x_wconf 85' lang='lat' dir='ltr'><strong>possint,</strong></span> <span class='ocrx_word' id='word_1_219' title='bbox 1153 4045 1317 4132; x_wconf 72' lang='lat' dir='ltr'><strong>dubium</strong></span> 
     </span>
     <span class='ocr_line' id='line_1_36' title="bbox 272 4149 339 4211; baseline 0.075 -5"><span class='ocrx_word' id='word_1_220' title='bbox 272 4149 339 4211; x_wconf 72' lang='lat' dir='ltr'><strong>est·</strong></span> 
     </span>
    </p>
   </div>
   <div class='ocr_carea' id='block_1_8' title="bbox 0 0 1456 4998">
    <p class='ocr_par' dir='ltr' id='par_1_10' title="bbox 0 0 1456 4998">
     <span class='ocr_line' id='line_1_37' title="bbox 0 0 1456 4998; baseline 0 0"><span class='ocrx_word' id='word_1_221' title='bbox 0 0 1456 4998; x_wconf 95' lang='lat' dir='ltr'><strong> </strong></span> 
     </span>
    </p>
   </div>
  </div>
 </body>
</html>
