2920 4998
252 415 318 484 ψ
338 400 425 468 lna.
437 397 585 468 Mar.
600 396 720 466 11:131
733 407 822 464 aar.
843 371 1253 470 removeamus.

249 545 359 631 quod
381 543 538 629 quidem
556 541 674 608 tante‘
687 543 873 608 curiosius
901 541 1194 628 disquirendum
1216 554 1298 623 est,

253 645 445 732 siquidem
467 646 731 711 diversabare
760 651 973 731 systemata
996 649 1150 712 variam
1175 649 1299 714 habe·

256 757 325 818 ant
342 751 574 816 relationem
596 747 643 812 ed
665 749 768 830 ipsas
791 746 995 831 glandulas
1016 755 1054 816 et
1078 751 1298 818 functiones

254 852 409 936 aarum,
429 856 550 919 variis
578 852 747 917 obnoxia
775 852 854 917 sint
884 851 1114 927 morbie,·et
1144 856 1299 922 variam

215 967 219 974 '
253 959 374 1026 etiam
406 955 612 1040 deposcant
634 953 837 1019 medelam.
859 951 1233 1041 Difficilis'quidem
1255 957 1300 1022 in

251 1065 397 1126 morbis
420 1080 651 1146 organorum
671 1057 976 1143 compositorum
998 1065 1055 1124 est
1077 1057 1297 1143 diagnosis3

246 1165 408 1231 summe'
428 1170 560 1228 tamen
592 1163 773 1234 interest,
791 1167 835 1224 ut
866 1161 994 1224 minue
1017 1162 1168 1228 exculta
1194 1161 1295 1234 hae'c

250 1256 501 1362 pathologiae
525 1287 634 1350 pars,
654 1264 825 1330 collectis
848 1263 1183 1328 observationibus
1205 1267 1293 1347 plu-

249 1370 360 1438 rimis
374 1416 383 1448 ‚
396 1377 433 1437 et
455 1393 546 1437 vera
567 1369 738 1457 partium
758 1367 1025 1438 morbosae-um
1046 1367 1293 1483 lustratione,

251 1475 490 1590 perficiatur

286 1639 429 1702 Sunt
450 1638 657 1722 glandulae
686 1635 908 1702 tumoribus
935 1634 1057 1699 variis
1079 1634 1294 1716 obnoxiaeg

251 1677 321 1803 ubi
351 1742 577 1806 cellulosum
609 1745 765 1804 tentum
786 1742 975 1821 occupant
1007 1743 1183 1815 textum,
1202 1760 1294 1826 quo-

172 1870 174 1882 ·
234 1833 369 1927 *uroque
403 1852 547 1910 certum
578 1865 657 1908 non
692 1839 882 1908 excedunt
917 1840 1110 1924 gradum,
1142 1843 1295 1908 intacta

248 1947 467 2022 functione,
488 1949 693 2032 persistere
709 1949 882 2029 possunt.
905 1941 1056 2025 Maiora
1083 1952 1294 2009 nascuntur

250 2054 394 2121 damna
405 2099 416 2132 ,
427 2059 496 2121 ubi
515 2078 607 2122 vasa
624 2056 828 2142 patiuntur
845 2045 1083 2124 secernentia
1103 2059 1144 2117 et
1163 2075 1293 2118 excer-

246 2159 404 2232 nentia‚
425 2178 497 2244 quo
518 2158 781 2243 parenohyma
808 2156 937 2248 ipsum
967 2157 1166 2244 morbosae
1186 2159 1296 2222 subit

246 2259 738 2350 metamorphoses,‘quod
780 2258 935 2345 quidem
979 2277 1047 2342 per
1080 2260 1294 2324 alienatam

246 2381 454 2433 nervorum
480 2365 722 2430 vitalitatem
753 2363 964 2448 plurimum
989 2361 1157 2428 accidere
1184 2361 1295 2428 vide·

249 2473 338 2540 tur,
360 2473 398 2532 et
418 2476 578 2554 possunt
611 2487 743 2531 causae
778 2464 1011 2540 morbiferae
1039 2467 1102 2529 vel
1142 2466 1294 2549 idiopa·

247 2565 403 2657 thicae‚
424 2575 484 2637 v-el
505 2571 774 2669 sympathicas
794 2576 878 2635 tum
901 2593 990 2638 esse.
1011 2557 1295 2639 Inflammatio-

249 2697 318 2742 nes
348 2681 483 2742 acutae
516 2681 554 2740 et
576 2657 813 2750 chronicae
802 2695 843 2738 m
877 2675 1031 2760 organis
1060 2675 1296 2740 secer-nenti·

247 2777 320 2845 bus
341 2777 540 2860 multoties
562 2779 763 2858 obtinent;
784 2779 929 2844 abeunt
948 2777 1052 2844 hae
1038 2799 1083 2842 m
1104 2797 1293 2875 suppura-

114 2957 119 2978 ι
245 2871 398 2951 tionem
418 2904 624 2968 persaepe,
646 2885 867 2968 frequenter
900 2888 1032 2952 tamen
1064 2880 1228 2957 accidit,
1250 2888 1295 2946 ut

246 2985 412 3076 lympha
432 2987 719 3070 coagulabilis
708 3009 749 3052 rn
770 2987 971 3052 cellularia
990 2985 1242 3052 effundatur
1230 3007 1293 3050 1n·
1386 3029 1391 3037 -

181 3127 186 3140 ·
249 3089 422 3178 teretitia
435 3135 446 3166 ,
470 3109 543 3178 quo
564 3089 851 3164 indurationes‚
872 3088 1040 3154 ecirrhus
1070 3095 1138 3154 aut
1165 3089 1295 3172 ipsum

251 3190 372 3264 eliam
409 3191 624 3256 carcinoma
652 3198 873 3258 nascuntur.
912 3191 1141 3276 Frequentss
1175 3187 1296 3256 etiam

216 3307 220 3314 “
251 3301 351 3360 sunt.
376 3295 651 3386 infiltrationes
679 3298 776 3375 seri,
795 3293 900 3380 puris
920 3300 988 3360 aut
1009 3295 1169 3360 alterius
1186 3315 1296 3380 pere·

250 3397 357 3484 grini
386 3396 561 3490 humoris
585 3397 625 3462 in
647 3403 754 3464 textu
777 3397 984 3472 cellulam,
1007 3404 1074 3462 aut
1091 3409 1181 3464 vero
1205 3380 1325 3482 con-¹¹

259 3501 404 3584 tingit,
425 3509 468 3568 ut
492 3504 643 3592 liquida
663 3505 768 3570 iutra
793 3501 1065 3586 glandularum
1098 3503 1295 3568 cumulen-

253 3607 319 3666 tur
337 3605 572 3672 vslamenta.
603 3611 775 3672 ceterum
798 3599 987 3678 differunt
1011 3607 1135 3670 morbi
1165 3605 1206 3669 in
1227 3625 1298 3693 va·

252 3706 323 3782 riis
344 3693 814 3792 secernentibus¹organia
834 3713 918 3770 tum
948 3708 1070 3773 relate
1093 3706 1140 3773 ad
1162 3702 1296 3772 causas

257 3811 295 3876 et
312 3809 599 3890 phaenomena,
621 3815 702 3880 tum
732 3809 852 3876 etiam
872 3807 994 3878 relate
1015 3809 1064 3896 ad
1092 3807 1239 3878 exitum
1259 3809 1298 3876 et

257 3903 450 3986 effectum.
