2904 5004
272 394 329 468 98·
358 376 504 447 Lusii.
526 377 614 442 car.
626 373 671 441 11.
685 375 849 469 Dssnu.
862 387 961 436 num.
979 387 1087 437 conr.
1111 389 1282 442 srsrsnr.

182 579 191 596 ,
276 541 443 596 crassum
465 525 522 582 est
544 517 693 580 corium
711 521 750 579 et
778 515 937 578 densum
960 517 1001 579 in
1018 541 1022 549 ’
1031 519 1159 601 pilosa
1185 522 1324 605 capitis

273 632 384 712 parte
396 666 406 700 ,
427 630 601 688 tenerum
623 603 799 682 attenua
830 619 872 682 in
899 618 1021 695 facie,
1048 627 1164 704 atque
1198 627 1326 690 subti-

212 767 216 774 ·
274 731 469 798 lissimum
492 725 535 786 in
565 722 681 786 labiis
707 729 745 784 et
771 719 989 803 palpebrii;
1012 723 1128 806 duplo
1161 729 1325 794 crassius

275 834 446 900 cernitur
470 830 512 893 in
530 825 642 891 dorso
673 845 716 889 ac
743 826 786 889 in
814 826 977 910 reliquis
1011 831 1181 911 corporis
1201 835 1326 913 parti·

273 938 366 1014 bus;
390 936 431 998 in
452 930 706 998 inferioribus
722 927 1037 995 extremitatibus
1058 935 1223 997 crassius
1243 957 1325 1002 esse
1408 1001 1411 1012 ,

272 1040 463 1104 suavitas
489 1036 531 1099 in
552 1018 816 1116 superioribus
829 1037 992 1116 ‚estque
1014 1029 1261 1102 durissimum
1282 1039 1326 1104 in

273 1145 412 1228 planta
431 1139 570 1224 pedum
591 1141 628 1199 et
647 1133 743 1198 volis
762 1153 947 1198 manuum
959 1180 970 1213 ,
982 1137 1151 1202 maxime
1172 1140 1213 1204 in
1232 1161 1324 1224 ope·

273 1235 402 1311 rariis.
446 1242 557 1306 Sexui
588 1239 751 1324 denique
784 1238 895 1330 pirili
925 1237 1056 1304 durius
1089 1248 1127 1307 et
1159 1245 1323 1311 crassius

272 1350 489 1435 generatim
508 1353 566 1412 est
586 1345 734 1410 corium
756 1363 876 1430 quam,
891 1346 1072 1413 femineo.

356 1494 563 1560 Peculiaris
595 1491 691 1556 corii
724 1491 876 1556 fabrica
906 1497 989 1556 tum
1015 1493 1173 1560 nonnisi
1206 1493 1319 1562 inda·

271 1603 356 1686 gari
383 1603 544 1686 potest,
571 1596 641 1660 ubi
670 1612 892 1678 praegressa
913 1597 1204 1674 maceratione,
1226 1602 1320 1664 sub·

273 1703 419 1769 stantia
439 1688 518 1781 aius
540 1695 767 1763 intumescit
789 1701 827 1761 et
848 1695 1005 1775 rarefit3
1019 1707 1208 1782 apparent
1224 1697 1318 1768 'tunc

272 1787 395 1872 fibrae
419 1795 555 1882 albae,
575 1799 769 1867 tendineis
798 1799 910 1865 fibris
941 1801 1113 1881 similes,
1135 1821 1230 1888 quae
1250 1827 1318 1870 va·

266 1913 333 1980 ¹rio
363 1909 479 1973 modo
505 1907 582 1972 sibi
613 1906 849 1989 junguntur,
880 1906 1065 1990 variaque
1103 1907 1318 1975 directions

157 1995 160 2004 ¹
273 2021 396 2080 semet
414 2013 640 2084 decussant',
662 2015 776 2094 atque
799 2012 945 2074 areolas
969 2012 1141 2079 diversae
1167 2017 1319 2112 magni-

228 2161 233 2173 .
271 2115 420 2180 tudinis
442 2112 671 2186 efformant,
691 2113 736 2176 in
756 2112 855 2175 facie
876 2114 973 2177 corii
995 2115 1150 2181 interna
1176 2119 1316 2186 visibi-

274 2221 351 2294 les,
377 2218 520 2282 lobulis
546 2217 714 2299 adiposis
744 2217 920 2299 repletas.
956 2220 998 2282 In
1019 2221 1156 2300 planta
1174 2223 1317 2305 pedum

275 2331 314 2388 et
331 2323 429 2387 volis
450 2303 634 2385 manuum
655 2320 860 2385 tendineee
877 2323 951 2386 hae
971 2323 1092 2388 fibrae
1113 2325 1154 2390 in
1175 2331 1317 2411 panni·

274 2427 405 2489 culum
428 2423 631 2507 adiposum
650 2421 911 2507 producuntur
928 2431 965 2489 et
987 2431 1211 2496 confervent
1232 2450 1318 2496 cum

273 2551 317 2593 eo
329 2567 340 2604 ‚
356 2527 455 2591 unde
475 2517 572 2591 cutis
594 2529 635 2594 in
655 2528 716 2592 his
747 2527 841 2590 locis
862 2529 1058 2593 substrato
1082 2534 1207 2598 textui
1235 2535 1315 2598 for-

274 2633 354 2696 tius
377 2631 583 2704 adhaeret,
605 2625 806 2715 minusque
826 2625 1006 2709 mobilis,
1031 2653 1143 2718 quam
1165 2637 1207 2699 in
1226 2639 1316 2704 aliis

272 2734 455 2818 partibus·
473 2733 655 2797 cernitur.
688 2735 790 2798 Inter
819 2731 1005 2799 fibrosum
1034 2736 1137 2800 hunc
1164 2745 1314 2806 textum

174 2907 181 2918 ,
271 2857 367 2904 vasa
383 2835 603 2919 sanguifera
625 2839 663 2898 et
682 2835 946 2919 lymphatica,
962 2843 1076 2922 atque
1091 2853 1314 2908 'nervorum

271 2939 417 3004 surculi
435 2943 764 3021 procurrunt,per
787 2940 934 3004 areolas
954 2939 1185 3008 memoratas
1197 2985 1206 3018 ,
1219 2964 1313 3031 qua·

272 3059 360 3125 rum
381 3042 571 3126 plurimae
594 3041 755 3126 obliqua
775 3040 986 3105 directione
1020 3047 1166 3110 corium
1187 3051 1317 3130 perso·

274 3151 386 3224 rant,
415 3145 463 3208 ad
496 3145 684 3208 extimam
713 3142 826 3229 hujus
856 3147 1122 3228 superficiem,
1150 3158 1194 3215 ut
1224 3171 1319 3218 mox

275 3248 452 3322 dicatur,
492 3252 751 3330 properantes.
795 3247 925 3312 R'efert
962 3245 1094 3335 itaque
1135 3253 1315 3331 corium,

170 3387 174 3394 ·
276 3350 377 3436 quod
407 3347 520 3412 basin
550 3348 757 3411 constituit
788 3350 884 3413 cutis
909 3339 1054 3430 totius,
1087 3358 1316 3424 cellulosum

205 3435 207 3447 ’
258 3453 544 3528 ¹1·eta‚fibroso
568 3450 691 3515 textui
717 3449 765 3532 (§.
789 3455 987 3542 132-136.)
1017 3463 1244 3546 analogum,
1272 3465 1315 3529 in

274 3534 430 3621 intima
445 3555 545 3618 facie
565 3553 760 3636 pluribus,
775 3557 822 3618 ‘et
839 3560 1083 3638 paucioribus
1107 3566 1149 3629 in
1170 3568 1315 3642 extima

275 3657 423 3722 cellulis
446 3657 677 3721 instructum
699 3657 755 3744 ¹²).

379 3823 413 3890 θ)
441 3818 581 3873 Gaudent
606 3818 690 3872 corio
715 3836 789 3874 vero
812 3821 994 3894 perfectiora
1020 3835 1134 3884 tantum
1155 3809 1311 3899 animalia,

245 3967 249 3976 ι
345 3919 413 3984 eun)
432 3927 482 3974 ea,
501 3927 577 3982 quae
604 3909 752 3964 vertebris
775 3911 1004 3980 destituuntur,
1031 3919 1138 3976 deuotis
1164 3924 1256 3996 sepiis
1283 3935 1316 3980 et

343 4001 412 4062 aliis
429 3995 657 4070 cephalopodis‚
676 4014 712 4050 eo
729 4009 832 4053 carent
853 4001 950 4070 (Cim
961 4003 970 4055 i
982 4022 1022 4059 er
1038 4007 1060 4064 l.
1072 4025 1099 4065 e.
1120 4009 1158 4071 Π.
1175 4029 1206 4084 p.
1225 4013 1320 4086 5490).

682 4140 961 4162 -Ἣ

377 4244 551 4304 sicum
571 4246 641 4318 alig.
662 4245 750 4312 Anat.
766 4247 804 4304 11.
830 4268 855 4306 s.
880 4271 912 4328 p.
933 4257 1083 4330 169-17s1.
1442 4333 1443 4366 1

1442 4409 1443 4464 i

1442 4469 1443 4512 i
