2904 4996
283 386 321 449 18
362 376 448 444 Lm.
460 375 505 442 11
520 377 610 440 Gir
624 373 652 439 1.
665 373 723 438 Dr
745 387 862 441 rinc.
885 385 1021 470 conss.
1038 388 1133 438 nun.
1157 388 1269 438 corr

270 530 332 588 tes
346 528 556 588 venustam
580 519 788 584 exhibeant
806 519 1008 594 formam,
1032 538 1117 583 cum
1145 520 1189 584 in·
1218 540 1344 602 qenes·

275 636 369 703 cta,
400 620 515 712 inqui
553 631 789 723 aegrotante
808 631 913 690 statu
943 626 1063 687 facies
1103 629 1326 710 ceteraeque

274 740 403 816 partes
430 733 510 795 sint
533 731 750 813 collapsae3
773 728 962 813 quidquid
990 736 1191 812 praeterea
1218 730 1325 794 vita·

273 837 349 899 lem
377 834 563 916 deprimit
587 834 781 914 vigorem,
801 837 996 914 turgorem
1029 852 1114 895 cum
1145 835 1323 916 protinus

114 897 118 904 ⁸
160 995 164 1007 ,
272 941 440 1008 minuit:
471 939 702 1022 pathemata
731 943 770 998 et
802 935 975 1020 adfectus
1012 924 1324 1020 vehementiores

271 1045 374 1106 vires
409 1042 616 1105 infirmant
642 1038 803 1112 vitales,
825 1039 1016 1121 simulque
1038 1046 1236 1124 turgorem
1258 1063 1321 1106 su-

273 1149 358 1214 bito
388 1148 593 1224 minuunt,
623 1143 740 1226 actea,
761 1147 804 1204 ut
836 1146 964 1204 totum
995 1149 1236 1209 contractum
1261 1144 1323 1209 vi·
1353 1226 1356 1230 Ι

157 1321 160 1332 Ι
273 1249 430 1320 deamus
460 1247 675 1324 vultum,
664 1245 814 1330 1psique
847 1219 992 1309 oculi
982 1267 1023 1332 1n
1058 1247 1226 1312 orbitam
1257 1271 1319 1314 re·

271 1351 390 1414 tracti
423 1337 647 1467 appareant.
679 1346 862 1430 Dispatet
890 1333 994 1412 ide'm
1023 1351 1157 1415 vitalis
1188 1359 1324 1436 turgor

267 1443 410 1518 ⁴oborto
432 1451 556 1516 animi
577 1435 772 1534 deliquio,
792 1453 834 1512 et
850 1455 1051 1518 mutantur
1074 1455 1193 1538 apud
1204 1457 1323 1521 mori-

273 1554 422 1619 bundos
446 1552 686 1616 lineamenta
717 1551 854 1626 taciei,
873 1558 916 1617 ut
947 1553 1025 1638 jam
1058 1574 1157 1620 nunc
1189 1557 1325 1644 digno.

217 1682 220 1686 ·
275 1677 379 1723 scere
400 1655 465 1720 vix
487 1651 623 1738 possis

255 1799 260 1810 Χ
356 1816 624 1894 substantiae,
651 1837 746 1905 quae
770 1786 1114 1906 acipblogisticam
1137 1819 1324 1888 accedunt
1359 1908 1363 1916 ,

272 1928 476 1996 naturam,
497 1923 538 1986 in
565 1924 737 1987 humano
772 1933 929 2010 cor‘pore
957 1927 1127 2010 plures
1117 1930 1325 1992 mveniun-
1381 1923 1386 1929 ⁹

227 2060 229 2064 ·
273 2032 359 2100 tur,
385 2041 547 2109 quarum
566 2027 796 2110 praecipuae
818 2035 1018 2113 sequentes
1043 2035 1156 2094 suntz·

360 2171 796 2277 1)Alcalif'ixum‚
821 2189 1320 2274 etquidemminerale‚

199 2358 202 2366 ,
274 2313 363 2358 cum
382 2294 490 2358 acido
514 2292 771 2376 'phosphorico
797 2299 833 2356 et
854 2295 1062 2358 muriatico
1083 2293 1258 2369 unitum,
1278 2295 1320 2358 iu

273 2398 483 2480 sanguine,
506 2398 642 2470 urina,
665 2416 775 2484 succo
803 2401 994 2481 gastrico,
1013 2401 1174 2485 humore
1194 2402 1322 2487 lacry-

273 2501 448 2591 mali‚in
460 2507 652 2584 spermate
670 2506 740 2565 etc.
759 2503 968 2586 reperiturz
980 2505 1180 2572 invenitur
1201 2507 1322 2570 etiam

273 2604 368 2670 coda
394 2605 504 2669 acid'o
527 2603 732 2668 carbonico
763 2611 884 2687 nupta
915 2606 956 2668 in
977 2607 1139 2670 carbone
1163 2607 1320 2672 combu-

275 2713 424 2771 starum
455 2705 687 2770 animalium
719 2708 903 2789 partium.
938 2708 1062 2771 Aicali
1087 2699 1216 2771 autem
1246 2729 1319 2772 ve·

273 2809 532 2894 getabila,
555 2813 611 2871 ut·
609 2809 776 2882 tale,1n
802 2809 967 2872 animali
989 2829 1144 2912 corpore
1163 2832 1240 2874 non
1260 2831 1320 2875 re·

172 2937 178 2944 ·
272 2914 429 2996 peritur
454 2915 547 2975 Cum
568 2919 696 2976 autem
724 2899 904 2997 plurimis
937 2936 1136 2980 vescamur
1157 2925 1315 3001 vegeta-

272 3017 436 3090 bilibus,
465 3036 561 3101 quae
588 3018 815 3098 putassem
804 3039 846 3084 in
867 3039 905 3081 se
934 3020 1160 3096 continent,
1181 3025 1217 3083 et
1242 3021 1318 3085 ista

270 3143 339 3188 nec
361 3123 402 3204 in
423 3121 651 3185 humoribus
677 3123 890 3188 excretitiis
921 3121 1045 3206 detegi
1065 3123 1210 3207 possit,
1236 3145 1318 3188 ma·

270 3225 458 3306 nifastum
479 3229 555 3300 est,
575 3225 678 3306 hanc
697 3245 764 3306 per
785 3239 1003 3312 processum
1023 3227 1318 3291 chemico-vita·

165 3373 167 3378 -
270 3330 348 3396 lem
379 3329 544 3402 resolvi,
574 3330 637 3422 vel
665 3328 706 3391 in
730 3329 865 3404 §odam
888 3329 1020 3394 saltim
1050 3334 1317 3396 transmutari.

270 3432 599 3498 inflammabilem
627 3432 814 3514 alcalium
840 3441 1020 3516 naturam
1043 3436 1123 3519 ipse
1143 3437 1221 3518 jam
1242 3439 1318 3501 Ln-

273 3549 445 3602 vorsren
466 3531 760 3619 suspicabatur,
781 3535 972 3619 siquidem
996 3538 1038 3600 in
1066 3541 1153 3603 atre
1175 3559 1316 3625 oxyge·
1354 3533 1357 3540 ’

269 3643 339 3706 nio
361 3649 517 3734 na'trum
537 3639 770 3723 conflagrari
793 3641 1031 3705 observasset
1060 3645 1129 3726 b);
1151 3645 1226 3707 Cel.
1248 3667 1316 3708 au·

273 3746 353 3812 t'em
384 3748 503 3811 stt
531 3757 616 3808 eam
645 3745 800 3826 penitus
834 3745 951 3809 evicit
978 3748 1208 3824 veritatem,
1231 3765 1318 3816 cum

246 3839 250 3849 ¹
271 3853 474 3916 columnae
495 3849 689 3922 ,volcanae
718 3865 788 3930 ope
809 3850 959 3918 ¹alcalia
975 3851 1024 3944 in
1047 3851 1318 3917 metalloideas

216 3981 228 4006 κ
268 3955 452 4020 vertisset
472 3951 724 4048 substantias.
758 4013 762 4018 .

351 4117 395 4202 2')
425 4115 548 4198 Magis
574 4113 654 4196 jain
680 4047 814 4195 prcidit
840 4085 1170 4182 inflammabilem
1202 4126 1315 4184 natu·

261 4229 355 4319 *tam
380 4207 543 4286 elcali
566 4215 825 4292 volatile,
847 4221 946 4306 quod
976 4227 1086 4289 azoto
1111 4229 1149 4291 et
1169 4225 1313 4310 hydro·

924 4439 1024 4486 t„
