2920 4998
278 387 389 452 seer.
409 385 450 452 v.
471 385 532 452 De
555 396 794 452 srsrrnerr
813 398 1013 452 nervoso.
1087 461 1091 470 ,
1122 394 1183 480 ιβ5

137 537 303 619 gentem.
324 532 432 597 Intra
453 528 640 594 circulum
653 529 757 596 bunc
778 531 1025 616 gangliorum
1039 513 1183 618 disper·
1263 575 1269 591 ι

135 657 223 702 sum
247 637 378 702 haeret
402 634 667 719 vegetativum
688 653 895 700 nervosum
918 642 1112 720 systema,
1141 638 1184 704 in

135 742 270 826 plexus
303 741 375 822 hic,
398 741 617 834 densiores,
640 741 678 802 et
706 737 871 806 rariores
894 738 993 804 alibi
1023 743 1183 826 compli-

136 851 268 910 catum
279 886 291 921 ‚
319 843 481 929 copiosis
497 841 679 927 '‘gangliis
708 843 908 912 refertum.
948 843 1014 907 Est
1033 850 1181 912 ¹autem

134 954 308 1034 systema
328 947 454 1012 isthoc
477 948 518 1011 in
537 945 731 1022 thoracis,
751 939 973 1015 abdominis
997 952 1036 1012 et
1054 950 1183 1032 pelve·

136 1073 179 1116 os
211 1052 444 1116 cavitatibus
470 1053 528 1116 ita
556 1049 795 1140 dispersum,
824 1055 869 1115 ut
900 1053 1003 1115 reale
1034 1053 1181 1118 nullibi

138 1151 285 1218 habeat
322 1158 527 1232 centrum;
553 1151 649 1250 fines
682 1152 916 1237 peripherici
953 1151 998 1216 in
1030 1156 1184 1240 organis

136 1257 310 1322 existunt
331 1255 586 1340 vegetativis,
611 1243 774 1372 quorum
796 1255 958 1320 arterias
977 1258 1183 1342 praecipue

137 1361 302 1436 adeunt,
326 1380 412 1424 cum
434 1358 572 1445 quibus
601 1379 668 1442 per
691 1357 915 1422 universum
945 1356 1184 1426 distribuun-

137 1469 203 1528 tur
222 1480 357 1546 corpus
377 1461 427 1546 (§·
448 1460 778 1548 154.);centrales
799 1460 936 1544 eliqua
961 1463 1101 1536 saltem
1119 1482 1182 1527 ra·

135 1563 244 1629 tione
265 1571 354 1628 sunt
376 1563 537 1630 termini
560 1563 829 1648 organicorum
856 1581 1087 1660 nervorum,
1117 1564 1185 1651 qni
1212 1583 1214 1588 ·

136 1666 297 1748 ganglia
328 1670 366 1728 et
388 1667 520 1764 plexus
550 1664 734 1740 subeunt,
756 1663 946 1751 siquidem
970 1673 1182 1752 punctum.

135 1771 180 1834 in
200 1789 274 1854 quo
297 1789 428 1833 omnes
450 1753 516 1833 aut
544 1768 708 1864 plurimi
733 1769 1178 1843 concurrant‚'1nvenira
1218 1766 1220 1772 ’

141 1872 307 1938 nullibi
305 1873 449 1956 possis.
483 1853 700 1957 Iunguntur
718 1871 877 1958 ganglia
901 1876 939 1937 et
961 1872 1095 1954 plexus
1114 1895 1185 1958 ope

74 2031 75 2034 ,
139 1995 346 2044 nervorum
368 1979 470 2044 inter
492 1999 529 2040 se
540 1982 697 2063 ,estque
715 1975 755 2040 rd
775 1981 946 2060 systema
964 1980 1094 2041 totum
1114 1999 1182 2062 per
1221 2013 1225 2023 ·

134 2097 271 2144 nervos
295 2081 419 2157 alios,
440 2100 533 2165 quos
557 2079 885 2172 communicantes
908 2085 1072 2172 vocant,
1094 2098 1180 2145 cum

133 2186 393 2251 cerebralibus
414 2193 451 2252 et
472 2187 843 2272 spinalibus'nervis
867 2187 1057 2274 junctum.

219 2353 392 2438 Systema
415 2349 539 2414 isthoc
558 2369 624 2432 per
643 2370 681 2414 se
711 2335 748 2414 et
773 2370 843 2434 pro
868 2371 907 2414 se
922 2339 1116 2430 'existere,
1137 2351 1179 2416 in

135 2475 175 2518 se
201 2454 284 2538 ipso
304 2455 464 2520 initium
486 2460 523 2517 et
541 2451 660 2518 finem
679 2441 847 2531 habere,
868 2473 937 2518 nec
958 2473 980 2518 a
1011 2457 1181 2530 cerebro,
1199 2450 1205 2472 '

135 2557 273 2642 quinto
296 2563 362 2621 eut
384 2538 490 2622 sexto
519 2557 627 2640 pari,
649 2557 785 2622 aliisve
813 2559 943 2622 nervis
975 2559 1180 2624 cerebrali·

78 2723 80 2756 ς
131 2662 205 2727 bus
247 2664 379 2738 oriri,
424 2664 627 2748 ipsumque
669 2683 832 2728 nervum
883 2663 1177 2748 sympathicum

134 2783 317 2850 magnum
340 2767 387 2829 ab
412 2765 619 2847 encephelo
639 2765 744 2830 haud
767 2763 988 2849 proticisci,
1002 2755 1179 2849 plurib'us

8 2887 22 2926 κ
133 2868 400 2934 convincimur
428 2868 679 2954 argumentis.
712 2868 865 2932 Etenim
888 2868 1019 2956 adesse
1050 2869 1091 2934 id
1116 2891 1178 2956 sy·

132 2983 257 3042 stema
276 2979 318 3041 in
339 2975 573 3040 animalibus
601 2973 800 3040 inferioris
831 2974 979 3040 ordinis
1000 2973 1022 3058 (
1033 2983 1060 3052 §.
1091 2973 1177 3060 og.)

132 3079 326 3144 caruimus
341 3124 352 3156 ‚
370 3075 477 3141 omni
508 3075 664 3142 absente
688 3077 832 3145 cerebri
855 3077 1023 3162 vestigio
1035 3096 1049 3152 ς’
1075 3095 1180 3160 sym·

132 3181 315 3266 pathicus
339 3181 428 3243 dein
447 3201 585 3245 nervus
601 3180 706 3244 haud
727 3198 846 3244 unum
858 3181 1074 3246 'constituit
1093 3199 1180 3242 con·

89 3363 93 3368 ¹
132 3286 290 3350 tinuum
301 3326 314 3360 ‚
337 3283 417 3347 imo
437 3281 578 3348 dantur
596 3281 789 3361 sub-jecta,
809 3282 850 3346 in
873 3282 1010 3368 quibus
1040 3280 1177 3346 thora-

133 3395 217 3456 cica
240 3390 318 3473 ejus
335 3409 423 3472 pars
442 3409 464 3450 a
478 3388 647 3453 lumbari
668 3388 874 3466 manifeste
894 3394 1075 3471 separata
1094 3389 1190 3472 exi„

133 3495 303 3582 stit‘e);
330 3489 430 3557 rami
461 3491 571 3558 nervi
598 3491 711 3556 istius
743 3492 860 3557 simul
896 3492 1017 3554 sumti
1049 3492 1173 3558 multo

131 3603 224 3661 sunt
259 3595 487 3670 crassiores,
509 3615 625 3682 quam
658 3601 728 3678 par
754 3599 904 3658 sextum
928 3593 1066 3658 etfila
1098 3614 1177 3657 me·

132 3700 318 3776 dullaria,
342 3699 587 3787 quibuscum
620 3700 763 3786 spinali
790 3699 960 3766 medulla
979 3699 1176 3786 iungitur,

131 3803 253 3880 adeo,
272 3808 316 3867 ut
337 3785 588 3868 manifestum
610 3803 664 3868 sit
675 3845 685 3879 ‚
705 3803 947 3888 singularem.
959 3802 1065 3867 hunc
1087 3825 1191 3882 ηει-Ι

129 3926 221 3968 vum
240 3927 262 3969 a
278 3899 365 3990 pa'ri
386 3911 492 3970 sexto
516 3913 554 3972 et
576 3907 746 3972 medulla
764 3905 910 3990 spinali
930 3902 1034 3968 haud
1059 3907 1176 3971 oriri:

128 4010 292 4096 denique
313 3999 552 4078 desideratur
572 4009 613 4076 in
632 4009 877 4097 gangliorum
900 4014 1111 4094 systemate
1133 4031 1178 4076 ea

86 4181 89 4188 Δ
130 4118 385 4202 symmetria,
418 4137 533 4203 quam
563 4119 605 4182 in
639 4117 824 4188 cerebrali
855 4114 1092 4180 advertimus
1120 4115 1188 4199 (t.¹

133 4222 248 4308 174),
269 4227 307 4286 et
327 4231 536 4292 occurrunt
554 4227 688 4288 tantae
703 4221 744 4286 in
772 4240 815 4285 eo
843 4215 1106 4291 differentiae,
1130 4223 1174 4280 ut
