2920 4998
288 411 350 478 260
372 407 458 474 ιη.
470 403 515 470 11.
537 369 1106 468 ccr.111.1ivcrmn.srsc1sc.
1129 417 1285 470 consto.

265 619 269 623 .
371 549 659 637 Experimentis
692 543 980 610 eudiometri'cis
1007 587 1027 623 ,ι
1049 567 1071 610 a
1100 547 1191 612 0011.
1230 551 1332 614 Bru.

289 675 492 734 seorsis,
506 655 721 718 de-Mssrr·
734 658 772 716 et
792 652 1092 721 stv,summe
1111 670 1197 716 cum
1219 671 1329 718 cura·

287 767 391 832 tione
410 763 624 836 institutis,
640 758 858 840 didicimus,
872 758 1163 844 proportionem
1187 781 1331 846 oxyga-

287 871 347 934 nii
368 867 415 931 ad
437 863 628 930 azoticum
650 864 692 927 in
722 862 1032 944 etmosphaerico
1064 862 1173 935 ae're,
1202 863 1238 926 si
1265 885 1334 928 vo·

191 970 197 982 ‘
288 975 419 1038 lumen
451 973 671 1053 spectetur,
692 986 738 1030 se-
758 965 900 1030 habere
931 973 974 1030 ut
995 981 1057 1032 παι
1081 973 1144 1044 78;
1170 965 1203 1030 si
1238 985 1332 1031 vero

288 1074 434 1161 pondus
455 1070 737 1156 consideremus
759 1089 892 1132 eorum
916 1069 1073 1142 airum,
1093 1074 1176 1134 tum
1203 1091 1242 1132 se
1263 1071 1331 1134 ha·

288 1181 382 1243 beni
409 1181 452 1238 ut
474 1175 534 1240 26:
557 1185 597 1254 74
619 1171 667 1256 ’).
692 1167 981 1234 Differ-ttamen
1005 1173 1188 1258 oxygonii
1211 1193 1331 1258 quan·

213 1329 216 1338 ,
287 1279 404 1366 titas,
417 1281 459 1340 ut
478 1274 606 1358 plures
627 1269 881 1364 observarunt
904 1277 1063 1336 naturae
1086 1274 1341 1352 scrutatores,

289 1383 438 1462 diverso
472 1371 567 1446 anni
598 1369 794 1459 tempere,
824 1382 862 1438 et
891 1375 931 1438 in
962 1376 1241 1468 variismundi
1274 1403 1333 1446 re-

287 1486 466 1569 gionibus
497 1485 571 1572 ⁸*).
603 1483 727 1564 Major
748 1488 804 1544 est
837 1481 937 1552 airis
968 1481 1102 1546 vitalis
1137 1483 1178 1578 in
1204 1491 1337 1550 etmo-

290 1588 453 1670 sphaera
474 1585 696 1670 quantitas,
709 1581 1038 1669 quodflcnsosor
1059 1585 1101 1648 in
1120 1590 1335 1670 temperata

177 1727 181 1740 ·
288 1692 425 1754 saltem
447 1691 635 1773 comperit
668 1708 790 1761 zona,
813 1685 857 1748 ds
884 1687 1024 1773 hyeme
1048 1707 1161 1774 quem
1193 1690 1237 1754 de
1271 1713 1334 1756 ee-

291 1799 415 1871 state,
438 1799 476 1856 et
507 1791 631 1857 efficit
660 1812 705 1855 ea
743 1786 970 1869 differentia
1009 1791 1068 1864 6-8
1099 1793 1333 1862 eudiometri

289 1894 523 1958 Fonteniani
535 1881 673 1976 gradus
685 1912 696 1970 3
709 1895 869 1974 augetur
883 1892 1000 1954 etiam
1013 1896 1195 1980 orygenii
1214 1916 1335 1981 quan.

289 1999 384 2063 titas
425 1997 602 2079 pluvioso
631 2015 742 2078 saepe
772 1999 810 2058 et
840 1995 1024 2059 nebuloso
1063 2001 1263 2084 tempore,
1297 2009 1336 2068 et

289 2105 747 2194 comperitiuesuuouss
761 2100 1100 2184 ,etmosphaeram
1120 2109 1238 2171 maris
1264 2129 1334 2192 pu·

289 2213 432 2284 riorem
464 2231 542 2275 esse
570 2207 689 2293 quamv
707 2205 1091 2289 continentis‚,quod
1124 2211 1197 2283 Cel,
1222 2213 1335 2274 ΗοΜ.

291 2326 422 2379 nocnr
443 2333 563 2398 aquae
585 2305 873 2408 decompositaq
888 2306 1137 2372 adscribicai.
1161 2313 1335 2377 Ceterum

268 2433 270 2446 ·
292 2414 652 2489 observatur,ae'ris
674 2411 897 2500 mistionem
917 2413 1039 2496 magis
1059 2435 1138 2478 esse
1158 2424 1336 2494 constan·

291 2526 370 2584 tem
394 2520 434 2583 in
459 2517 681 2600 regionibus
702 2514 861 2611 tropicis
884 2519 921 2577 et
940 2514 981 2578 in
1000 2521 1197 2584 montibus
1220 2524 1336 2597 altio·

290 2622 421 2696 ribus,
445 2638 560 2705 quam
583 2618 623 2680 in
645 2637 742 2680 zone
771 2622 985 2697 temperata
1007 2625 1044 2682 et
1066 2622 1334 2707 locis'planim

180 2769 183 2776 .
292 2721 390 2786 unde
430 2720 654 2786 morborum
689 2716 990 2800 epidemicorum
1033 2711 1252 2810 frequentia
1293 2747 1335 2790 ec

289 2826 526 2917 pertinacia,
547 2842 642 2908 quae
670 2823 738 2884 sub
771 2821 874 2886 caelo
896 2819 1067 2891 fervente
1093 2828 1332 2906 advertitur,

294 2931 417 3016 repeti
438 2931 566 2994 nefors
587 2925 699 2990 debet
716 2925 777 3010 h).
836 2945 838 2952 ·

375 3093 528 3157 Praeter
551 3089 655 3152 a’e'res
678 3095 911 3151 memoratos
934 3087 1083 3174 aliquid
1106 3111 1254 3177 semper
1277 3095 1336 3160 iu·

295 3202 352 3260 est
372 3192 663 3272 atmosphaerae
686 3187 730 3252 de
752 3189 840 3251 aiire
859 3191 968 3253 acido
989 3194 1211 3270 corboniso,
1234 3197 1336 3277 quod

293 3321 337 3364 ea
359 3296 611 3382 proportione
642 3298 823 3376 augetur,
848 3313 921 3378 qua
948 3299 1158 3382 oxygonius
1190 3305 1333 3368 minui·

291 3407 355 3465 tur
377 3400 462 3474 air,
482 3394 628 3458 uzetico
643 3393 682 3457 in
703 3392 834 3458 eadem
855 3399 1074 3479 quantitate
1093 3393 1214 3465 ferme
1235 3423 1334 3466 sem·

290 3525 356 3588 per
377 3504 635 3585 permanente.
659 3499 725 3561 His
748 3499 930 3590 accedunt
951 3520 1110 3585 vapores
1125 3505 1335 3590 aquei,va·

293 3607 428 3688 niaque
448 3601 627 3675 effluvio,
653 3601 790 3684 quibus
819 3604 1087 3686 atmosphaere
1116 3611 1337 3674 constanter

227 3739 230 3750 ·
292 3705 533 3793 inquinetur.
556 3703 749 3783 Principes
765 3705 1197 3787 autematmosphaerae
1217 3709 1337 3786 adres,

293 3807 644 3894 oxygeniuset
665 3804 1110 3897 azoticus‚xchemice
1133 3809 1336 3876 cohaerere

291 3907 499 3985 videntur,
529 3906 720 3994 siquidem
750 3907 818 3969 ille
846 3909 918 3994 rsro
939 3912 1116 3993 gravior,
1136 3911 1209 3976 iste
1230 3931 1337 3988 vero,

177 4041 179 4048 ·
288 4019 366 4092 ,sfizr
389 4014 511 4078 levior
530 4009 751 4075 observetur
773 4014 1082 4094 atmosphaerico
1105 4015 1215 4089 aiire,
1239 4015 1335 4100 quin
1377 4050 1383 4058 ·

288 4124 421 4182 tamen
451 4113 576 4178 nimie
607 4119 791 4194 appareat
809 4112 862 4176 in
896 4117 1006 4180 varie
1031 4115 1239 4180 altitudine
1263 4117 1337 4182 mi·

289 4217 431 4286 stionis
455 4211 678 4280 differentia
701 4215 755 4300 c).
