2920 4998
282 421 343 487 188
365 370 848 478 meracissimam.
870 424 968 473 surr.
989 423 1281 528 corasrsrs‘rs.

269 556 437 624 reticula
458 573 601 619 nervae
619 553 663 616 in
684 551 885 622 sinistram
910 557 958 626 et,
968 551 1137 618 mediam
1159 572 1322 636 penere-

266 663 342 726 a'tis
362 667 535 745 partem,
566 658 610 722 in
633 657 800 722 fundum
829 657 1061 738 ventriculi,
1084 657 1239 744 ejusque
1262 679 1327 724 ar-

270 766 390 830 terias
424 765 559 829 breves
585 767 623 846 et
648 755 854 826 sinistrum
877 762 980 826 latus
1007 781 1116 827 arcus
1139 763 1325 848 majoris,

271 873 312 936 in
334 872 499 936 arterias
519 849 881 956 gastro·epip'loicas
900 867 1103 950 sinistras,
1119 870 1237 956 inqua
1258 891 1329 948 vag·

271 987 315 1040 aa
338 975 488 1042 omenti
509 973 679 1056 ejusdem
702 971 867 1048 lateris..

294 1121 297 1132 ¹
352 1136 602 1220 2)Plexus
643 1115 1022 1222 mese-nteri'cus
1054 1135 1328 1214 superior,

122 1313 123 1318 γ
199 1323 202 1328 ¹
268 1241 436 1305 arteriae
458 1239 736 1304 mesentericao
756 1236 949 1320 superiori
970 1235 1217 1314 incumbens,
1237 1258 1327 1304 coe·

266 1343 362 1408 liaci
380 1343 513 1429 plexus
544 1343 736 1406 inferiora
754 1361 896 1438 ,versus
930 1345 987 1403 est
1005 1339 1232 1423 productio}
1260 1346 1323 1407 ta-

269 1452 367 1510 nent
390 1446 464 1510 duo
486 1447 530 1510 hi
559 1446 692 1532 plexus
718 1446 759 1508 in
780 1443 913 1518 media
941 1447 1050 1525 parte
1072 1442 1329 1528 ganglion

271 1549 552 1614 coeliacum
576 1549 794 1614 medium
816 1554 855 1612 et
876 1542 1086 1621 efformant
1105 1546 1222 1610 simul
1244 1549 1328 1632 ple-

186 1641 188 1646 ’
267 1671 361 1716 xum
381 1653 439 1716 ita
460 1651 622 1716 dictum'
637 1651 873 1716 solarem.
897 1653 1056 1714 Constat
1075 1647 1114 1713 id
1136 1650 1328 1736 ganglion

133 1760 137 1768 '
246 1754 416 1839 ¹partim
451 1751 608 1820 nodulis
652 1751 859 1828 discretis,
890 1753 968 1817 filis
1002 1753 1155 1818 nerveis
1196 1755 1327 1826 solum

272 1855 482 1936 connexis,
509 1843 658 1938 partim
688 1874 778 1917 vero
811 1854 1045 1931 tuberculis,
1070 1855 1231 1942 lingulis
1263 1877 1326 1919 ar·

178 2035 181 2047 .
272 1957 346 2021 ctis
371 1959 413 2021 in
434 1977 473 2020 se
496 1959 631 2018 mutuo
649 1939 964 2036 transeuntibus,
985 1957 1048 2024 vel
1067 1955 1244 2023 reticulis
1261 1978 1327 2022 ar·

269 2063 461 2127 teriarum
475 2061 722 2143 interruptis.
744 2063 1032 2144 Implentantur
1051 2061 1145 2126 huic
1165 2061 1327 2148 ganglio

269 2175 383 2240 nervi
415 2175 506 2259 vagi
547 2181 586 2238 et
614 2191 735 2237 unum
772 2169 884 2236 nervi
917 2171 1160 2270 splanchnici
1184 2177 1328 2242 'extre-

173 2290 176 2298 ‘
269 2297 391 2343 mum.
414 2275 573 2342 Videtur
595 2277 728 2362 itaque
747 2273 973 2356 praevalens
1000 2293 1078 2337 esse
1096 2273 1325 2360 systematis

268 2379 482 2468 vegetativi
526 2395 729 2464 organon,
756 2375 856 2460 quod
896 2376 1136 2459 peculiarem
1168 2377 1326 2458 foveat,

269 2479 313 2550 i'r'r
341 2483 532 2549 'morboso
565 2481 798 2567 praeprimis
826 2484 953 2556 statu,
992 2502 1077 2546 cum
1109 2485 1325 2568 systemata

268 2583 855 2675 cerebralirelationem,uude
892 2584 1034 2648 merito
1071 2583 1153 2664 iure
1187 2601 1329 2647 cere·

268 2690 324 2755 br
340 2711 365 2754 u
380 2710 419 2753 m
443 2691 500 2754 ab
515 2686 569 2750 do
582 2690 677 2754 min
691 2709 714 2754 a
726 2690 769 2753 le
782 2690 1049 2776 compellatur.
1063 2687 1233 2754 Involvit
1243 2685 1329 2770 ple·

274 2818 343 2861 xus
368 2797 645 2863 mesentericus
675 2800 853 2884 superior
881 2797 1068 2862 arteriam
1098 2795 1327 2862 mesenteri·

273 2921 358 2964 cam
386 2921 570 2986 magnam
599 2907 636 2964 et
667 2901 922 2989 ramesejus,
942 2899 1184 2964 reticulatim
1216 2919 1323 2964 com·

248 3011 253 3026 ⁸
273 2993 465 3089 plicatus,
486 2997 524 3069 et
546 3003 711 3087 copiosis
738 3004 905 3088 gangliis
922 2984 1142 3068 ¹distinctus
1154 3045 1165 3079 ,
1193 3025 1331 3068 ramu-

272 3108 389 3175 sculis
410 3106 655 3190 slmplicibus
677 3121 770 3170 cum'
781 3107 937 3172 arteriis
951 3107 992 3172 in
1017 3105 1215 3172 intestinis
1237 3112 1327 3173 tan·

272 3213 361 3277 dem
384 3211 573 3276 desinens.
596 3211 778 3276 Providet
796 3213 989 3278 maximae
1009 3213 1095 3276 tubi
1118 3213 1332 3280 intestina-

273 3319 322 3382 lis
343 3313 472 3404 parti,
492 3315 660 3399 largitur
694 3317 897 3399 pancreati
920 3305 1071 3393 ramos,
1094 3323 1133 3381 et
1156 3310 1328 3384 nectitur

274 3419 396 3486 etiem
416 3439 505 3483 cum
525 3421 641 3504 plexu
660 3421 834 3505 pelveos.

356 3586 406 3672 3).
437 3586 620 3652 Plexus
663 3569 1044 3654 mesen'tericus
1078 3585 1323 3650 inferior

273 3687 416 3773 prioris
439 3695 495 3755 est
525 3692 779 3770 continuum,
809 3691 931 3776 cingit
960 3691 1146 3756 arteriam
1174 3709 1325 3756 mesen·

272 3791 438 3857 teriiam
460 3793 695 3860 inferiorem*
719 3801 757 3858 et
778 3793 1083 3858 ramificationes
1107 3769 1214 3876 sius,
1238 3811 1326 3855 cum

274 3895 413 3978 quibus
442 3897 493 3962 ad
520 3898 727 3961 sinistram
752 3897 930 3962 intestini
959 3897 1057 3970 coli,
1085 3916 1127 3961 ac
1151 3897 1325 3982 superio·

274 4019 358 4064 rem
389 4007 426 4066 et
454 4003 710 4088 posteriorem
732 4001 829 4065 recti
858 4001 1038 4066 intestini
1063 4006 1213 4083 partem
1235 4019 1324 4082 pro·

220 4127 224 4152 ι
264 4103 400 4205 ιεοᾰίῒς
421 4107 597 4191 jungitur
618 4105 782 4192 denique
810 4124 895 4172 cum
917 4103 1094 4198 plexibus
1116 4107 1327 4182 renalibus,

277 4209 518 4291 sparmaticis
544 4216 582 4275 et
602 4209 769 4292 pelvsos.
812 4245 827 4272 .
