2904 4996
853 177 867 276 ἦ
891 191 896 200 .

271 327 322 448 28⁸
354 367 440 454 Lis.
455 375 502 446 11.
514 363 603 442 Cer.
618 373 645 440 1.
658 373 854 452 Drmsr.
876 385 1010 440 eossr.
1032 387 1133 440 auu.
1161 389 1273 444 conr.

737 521 768 592 §-
814 533 887 584 ros.

166 801 173 818 ι
278 725 400 798 Pars
443 721 1059 804 extractivaanimalis.
1098 723 1328 808 Pigmen-
1394 745 1397 754 ¹

636 827 741 889 t'um
762 823 981 908 nigrum.

295 937 301 956 r

179 967 281 1002 Α*

359 992 566 1061 Continent
578 1003 709 1058 omnes
724 989 907 1056 animalis
920 991 1089 1074 corporis
1100 997 1229 1073 partes
1240 991 1331 1056 sub·

278 1097 465 1167 stantiam
495 1096 693 1180 quendam
725 1097 957 1184 coloratam,
991 1112 1090 1179 aqua
1119 1100 1157 1159 et
1188 1094 1331 1179 spiritu

274 1199 360 1286 v'ini
385 1203 629 1290 praeprimis
648 1201 952 1277 extrahendam,
988 1221 1084 1292 quae
1115 1202 1324 1286 gummita-

277 1311 443 1380 rulaceis
468 1314 506 1374 et
526 1306 666 1373 resinis
686 1307 973 1394 vegetabilibus
1000 1306 1133 1394 aliqua
1153 1307 1327 1392 pertesi·

274 1414 385 1483 milis
417 1420 495 1492 est,
518 1419 557 1488 et
586 1431 701 1497 pars
735 1413 1049 1492 extractivaf
1075 1409 1332 1478 animalia

275 1507 432 1585 dicitur.
456 1509 731 1602 Copiosissimia
751 1523 887 1582 tamen
911 1517 1013 1583 inest
1035 1517 1129 1593 bili,
1160 1517 1331 1591 urinae,

277 1615 489 1696 carmini,
508 1626 546 1685 et
567 1621 714 1686 format
731 1638 802 1704 pro
827 1617 1000 1682 maxima-
1014 1625 1127 1703 parte
1148 1617 1330 1682 biliarios

278 1724 459 1787 calculos·
489 1723 775 1807 Praecipitatur
811 1741 830 1784 e
862 1721 1123 1787 solutionibus
1156 1723 1233 1788 suis
1262 1719 1331 1805 per
1441 1721 1442 1754 ³

277 1827 414 1906 acida,¹
430 1826 756 1914 quemadmodum
774 1826 868 1890 bilis
890 1845 959 1909 per
980 1827 1163 1911 chymum
1196 1824 1332 1889 acidu-

277 1929 358 1994 lum
378 1929 673 2016 decomponitur
685 1970 697 2005 ,
718 1929 892 1994 resinosa
914 1927 993 2012 ejus
1014 1933 1126 2012 parte
1146 1929 1188 1992 in
1206 1930 1331 1993 faeces
1441 1981 1442 1988 ,

273 2041 515 2105 transeunte.
537 2034 611 2098 Ubi
631 2033 826 2098 tincturae
846 2029 1077 2114 spirituosae
1104 2029 1216 2112 hujus
1240 2031 1330 2095 sub·
1441 2053 1442 2074 ¹

197 2169 202 2182 ·
276 2137 447 2201 stantiae
474 2136 760 2219 inspissantur,
789 2131 1039 2216 refrigeratae
1070 2134 1239 2198 resinam
1268 2135 1326 2199 si-

276 2246 387 2320 stunt
412 2239 645 2312 animalem,
664 2242 864 2311 tenacem,
893 2255 1090 2314 amaram,
1108 2237 1245 2301 brunei
1260 2257 1324 2302 co·

276 2343 394 2421 loris,
420 2343 545 2406 calore
557 2333 795 2403 fundendam
808 2343 846 2402 et
864 2337 980 2429 facile
990 2335 1330 2408 inflammabilem·

277 2445 406 2531 Spirat
436 2467 481 2510 ea
515 2434 757 2519 substantia,
780 2443 848 2506 ubi
883 2442 1143 2517 comburitur,
1165 2444 1337 2512 odorem
1371 2493 1375 2498 -

278 2549 512 2628 animalem,
534 2546 700 2631 largitur
732 2535 887 2610 cunctas
918 2544 1102 2610 animalis
1132 2545 1324 2622 materiae

276 2657 430 2736 partes,
451 2648 695 2736 hydrogenio
714 2654 847 2714 tamen
868 2654 906 2713 et
926 2648 1130 2714 sorbonico
1159 2649 1323 2732 praedo-

277 2751 543 2828 minantibus,
565 2770 640 2837 quo
662 2751 875 2843 plurimum
897 2751 1020 2814 etiam
1043 2769 1088 2814 ex
1107 2772 1152 2815 ea
1173 2751 1327 2816 obtine·

276 2863 339 2922 tur
361 2856 438 2920 olei
463 2854 814 2944 empyreumatici2
829 2854 964 2920 relicto
986 2856 1150 2918 carbone
1171 2875 1325 2936 poroso.
1440 2859 1441 2878 ¹

277 2961 431 3030 Habent
453 2980 539 3023 oum
561 2959 778 3022 extractiva
796 2959 870 3022 hac
887 2957 1050 3032 materie
1069 2958 1242 3042 aliquam
1273 2960 1327 3022 si·

276 3062 541 3127 militudinem
553 3061 799 3126 substantiae
820 3061 1108 3150 graveolentess
1131 3061 1324 3138 moschus,

276 3163 515 3239 castoreum,
539 3166 697 3239 ambra,
730 3164 952 3239 aibethum,
984 3177 1080 3249 quae
1111 3164 1324 3230 resinosam

278 3291 370 3354 prae
390 3289 429 3333 se
450 3270 581 3344 ferunt
603 3266 1012 3354 indolem,magnaque
1028 3267 1326 3334 inflammabili-

274 3373 645 3462 um'principiorum
670 3379 820 3438 scatent
840 3374 963 3458 copia.

359 3535 525 3602 Materia
546 3537 692 3601 brunea
704 3581 716 3613 ,
737 3534 1046 3618 coeruleo·nigra
1062 3539 1129 3598 aut
1157 3534 1320 3616 profun-

280 3633 325 3702 d'o
350 3639 879 3726 atra‚quaepigmentum
902 3636 1101 3723 nigrum
1123 3639 1324 3705 choroide-
1440 3627 1441 3634 ἵ

277 3767 321 3808 aa
343 3752 379 3809 et
401 3765 713 3820 uveae,mucum
745 3749 873 3808 atrum
907 3741 1180 3828 glandularum
1209 3743 1325 3809 bron·

278 3848 487 3928 ahialim,
508 3853 589 3911 rete
610 3847 764 3930 nigrum
787 3845 886 3908 cutis
912 3843 1140 3928 aethiopum
1177 3841 1229 3926 (t.
1247 3847 1324 3933 46.)

277 3957 316 4024 et
336 3969 504 4014 massam
527 3952 682 4034 nigram
702 3967 855 4013 crurum
880 3947 1027 4014 cerebri
1057 3948 1218 4023 incolit,
1238 3967 1322 4013 car·

274 4050 414 4118 bonico
437 4053 628 4138 oxydato,
650 4058 687 4118 et
709 4051 869 4137 reliquis
893 4051 1119 4128 substantiis
1142 4052 1323 4116 animali-

274 4157 343 4221 bus
367 4159 625 4241 componitur.
669 4161 735 4224 Est
755 4158 1000 4244 pigmentum
1023 4159 1064 4224 id
1084 4179 1185 4245 aqua
1216 4157 1320 4224 inso-

272 4263 418 4346 1ubile3
439 4267 637 4336 ammonio
659 4272 789 4331 autem
821 4287 918 4352 puro
948 4265 1137 4344 solvitur,
1160 4285 1232 4332 neo
1261 4285 1324 4330 ca·

896 4527 903 4562 t
