2904 5004
556 103 580 151 l

201 399 206 410 ¹
273 377 314 442 82
355 335 731 442 'Lra.1·1.cir.11.Dn
746 389 832 440 orn.
854 391 953 442 nun.
973 389 1081 442 cour.
1095 391 1272 442 srsrsu.

275 515 437 583 lationis
462 525 518 582 est
538 520 714 600 utilitas,
735 519 837 606 quod
855 520 1019 607 humida
1032 527 1069 585 et
1089 519 1323 588 indifferens

273 629 314 691 te
337 628 612 711 atmosphaera
632 626 878 692 individuam
897 624 1065 707 cujusvis
1094 629 1232 710 organi
1263 630 1323 694 vi·

250 769 253 778 =
276 739 364 798 tam·
382 756 405 798 a
425 734 566 800 vicinis
591 740 744 816 separet
764 733 942 816 organis,
968 736 1172 818 ipsamque
1189 735 1323 826 vitali-

275 837 473 919 tatamssin
495 840 665 903 normali
685 833 722 902 st
744 838 922 902 morboso
942 837 1180 914 statu„intra
1198 847 1321 920 certos

275 939 474 1014 contineat
510 940 657 1004 limites
678 943 765 1026 ’ψ

472 1051 483 1074 Ι
902 1074 904 1080 ,
1319 1072 1321 1076 .

349 1093 546 1165 ‘Constant
565 1119 717 1163 setosae
737 1093 985 1194 membranae
1017 1099 1134 1163 unica
1162 1107 1321 1167 tantum

274 1203 425 1266 lamina
435 1215 567 1292 ,equae
589 1202 631 1264 in
649 1195 899 1292 crassioribus
923 1224 941 1265 e
961 1203 1137 1286 pluribus
1161 1203 1323 1268 cullulo-

275 1305 308 1368 si
331 1307 460 1368 textus
486 1305 703 1386 composita
719 1297 872 1369 videtur
894 1304 1051 1380 stratis,
1072 1326 1149 1370 non
1180 1313 1320 1371 tamen

276 1409 301 1451 a
319 1409 357 1450 se
382 1386 550 1450 invicem
570 1384 867 1470 separabilibus.
900 1389 1086 1451 Referunt
1112 1390 1186 1453 hae
1215 1391 1322 1454 tuni-

276 1509 342 1558 cae
364 1491 586 1572 compagem
609 1491 751 1566 albam,
763 1479 1326 1574 solidam,splendentem,pel-

275 1588 457 1672 lucidam,
472 1591 918 1677 aponevrosibus'aliqua
931 1593 1237 1675 parissimilem.
1260 1595 1329 1656 Ce-

276 1677 404 1759 teium
423 1697 533 1759 varia
556 1709 689 1759 aarum
712 1703 770 1760 est
790 1695 985 1774 crasities,
1010 1695 1133 1777 major
1164 1694 1205 1760 in
1239 1717 1344 1762 cor-⁴

171 1799 174 1808 '
279 1797 325 1862 de
349 1805 387 1863 et
407 1796 570 1882 hepate,
594 1807 631 1864 et
662 1801 829 1865 minima
860 1802 901 1864 in
925 1793 1196 1864 arachnoidea.

192 1961 202 1972 ·
276 2019 283 2031 ,
382 1964 410 2032 ·)
432 1949 905 2034 uchAT'sallg.snat,11.s.
931 1940 962 2034 p.
984 1973 1029 2028 70.
1055 1953 1163 2030 ψ)
1186 1958 1263 2017 nia
1286 1977 1320 2032 ,.

344 2052 389 2110 6⁵.
406 2069 452 2128 sq.

741 2177 866 2302 §.nu

402 2429 577 2496 Partes
608 2420 950 2514 i'ntegrantes.
989 2431 1185 2524 Humor.
1247 2441 1249 2448 ’

322 2649 331 2663 ,
357 2581 481 2656 'sextu
501 2577 686 2654 cel'luloso
708 2592 951 2665 membranas
976 2617 1118 2660 serosas
1139 2598 1298 2676 conflari
1310 2639 1322 2672 ,

157 2719 171 2740 ν
276 2693 342 2758 aiir
372 2693 564 2768 inflatus,
604 2696 814 2760 maceratio
854 2704 891 2761 et
931 2703 1045 2781 plura
1081 2704 1160 2764 alia
1195 2707 1324 2766 osten·

175 2810 179 2820 '
204 2801 205 2806 ’
277 2797 449 2886 dunt‘*).
472 2799 667 2864 Accedunt
690 2823 782 2866 vasa
810 2806 1031 2890 sanguifera
1047 2853 1056 2882 ‚
1072 2829 1175 2892 ¹quae
1198 2811 1239 2872 in
1261 2829 1324 2874 su-

275 2903 435 2986 perficie
456 2892 609 2976 tantum
638 2901 904 2983 diramantur,
926 2929 993 2972 nec
1016 2910 1201 2975 videntur
1229 2913 1324 2976 haec

275 3025 369 3070 vasa
389 3007 513 3089 ipsam
536 3005 665 3069 subire
695 3008 836 3072 harum
858 3012 1170 3077 niembranarum
1193 3021 1324 3078 textu-

276 3103 386 3189 ram',
401 3111 592 3207 siquidem
621 3110 762 3194 injecta
792 3113 926 3178 abradi
957 3116 1039 3179 sine
1068 3118 1237 3181 laesione
1258 3124 1322 3182 tu·

276 3221 452 3286 nicarum
474 3215 589 3278 facile
612 3216 774 3298 possint.
796 3217 892 3304 Vasa
910 3226 1042 3283 autem
1069 3223 1297 3288 exhalantia
1309 3269 1322 3302 ,

280 3325 328 3389 ab
351 3319 517 3387 arteriis*
535 3319 670 3416 utique
702 3320 881 3395 suborta,
904 3325 1130 3406 sanguinem
1160 3327 1323 3393 rubrum

189 3467 191 3472 ·
277 3429 320 3492 iu
349 3424 518 3490 normali
554 3429 659 3486 statu
689 3421 794 3486 haud
822 3427 1034 3504 vehentia,
1056 3430 1324 3514 copiosissima.

275 3523 319 3586 in
339 3524 414 3587 isto
437 3522 577 3586 adsunt
608 3529 736 3600 textu,
758 3529 797 3588 et
828 3529 1068 3592 constituunt
1087 3539 1320 3615 apparatum

275 3625 555 3699 secretarium,
569 3645 752 3718 vaporem
773 3647 943 3692 aerosum
965 3631 1123 3696 adsidue
1156 3635 1198 3698 in
1222 3635 1321 3699 libe·

275 3748 361 3794 ram
392 3729 633 3810 superficiem
661 3729 922 3796 exhalantem.
955 3733 1233 3815 Inieotionibus
1262 3761 1325 3803 ra·

278 3833 358 3898 rius
386 3833 473 3896 sisti
492 3838 652 3916 possunt
682 3834 777 3897 haec
800 3831 955 3898 vascula
980 3839 1064 3924 ”);
1087 3839 1121 3902 si
1145 3862 1235 3904 varo
1265 3865 1324 3906 se-
1388 3879 1391 3890 «

172 3983 176 3996 ·
276 3955 452 4002 rosarum
482 3938 703 4000 tunicarum
734 3942 863 4017 partes
898 3937 1132 4016 irritentur,
1161 3946 1320 4026 sanguis

277 4059 363 4102 cum
383 4040 533 4122 impetu
552 4037 689 4110 irruit,
712 4039 835 4102 oritur
857 4035 1139 4118 inflammatio,
1161 4051 1199 4109 et
1221 4047 1322 4110 libe.

231 4177 234 4188 ·
267 4165 318 4218 ⁴ro
342 4144 460 4206 etiam
481 4142 593 4204 oculo
613 4141 778 4208 discerni
798 4150 968 4225 possunt.
991 4147 1063 4209 Ubi
1081 4149 1241 4215 subtiles
1262 4151 1323 4215 in-

278 4246 463 4334 jiciuntur
482 4244 523 4308 in
545 4242 776 4310 arteriasum
795 4232 964 4331 systema
982 4249 1174 4338 liquores,
1194 4273 1327 4338 super·
