2904 4996
177 485 186 502 ‚
273 397 319 473 38
360 403 504 470 Luall.
517 408 605 469 cnr.
623 404 651 468 1.
670 406 729 475 Ds
749 353 1027 478 rtur-,icona
1053 417 1153 467 uum·
1169 417 1279 469 coar.

278 545 359 630 3⁷⁶)
374 547 562 612 referente
582 549 624 612 iu
646 548 884 623 carnivoris,
905 553 944 614 et
963 547 1100 614 mitior
1120 549 1162 611 in
1191 547 1323 614 herbi-

281 650 383 713 voris
413 651 561 716 bestiis.
592 653 747 718 Dudum
779 660 911 718 autem
943 653 1193 716 observatum
1219 651 1322 726 fuit,

280 765 422 834 vapore
442 755 515 817 hoc
539 756 680 818 amisso
709 752 893 837 ponderes
910 737 1156 838 aliquantum
1187 757 1319 840 augeri

121 853 126 860 “
204 875 209 882 ·
281 857 508 958 sanguinem
535 859 604 940 a),
636 855 736 943 quod
768 857 908 937 amisso
937 853 1181 943 bydrogenio
1205 867 1244 923 et
1264 866 1326 924 at-

165 977 168 984 ·
274 965 404 1027 'tracto
427 963 616 1050 oxygonio
639 963 808 1034 adscribi
831 963 955 1030 debet.
1000 1026 1023 1046 Ὗ
1066 962 1070 976 ’

343 1152 345 1160 ·
363 1123 456 1186 Cum
474 1125 629 1208 sanguis
644 1123 687 1188 in
699 1111 896 1190 crucibulo
917 1125 1139 1200 incalescit,
1151 1124 1323 1206 primum

279 1245 380 1311 aqua
400 1231 720 1306 ammoniacalis,
737 1229 832 1294 dein
856 1249 976 1314 vapor
998 1231 1134 1307 albus,
1149 1231 1215 1320 qui
1240 1251 1324 1294 car·

277 1331 460 1412 bonatem
482 1336 702 1416 ammoniae
724 1337 919 1418 continet,
937 1324 984 1398 'ac
1013 1335 1167 1400 demum
1189 1336 1318 1400 fumus

280 1437 390 1499 albus
409 1437 577 1512 olemus,
602 1439 667 1522 qui
686 1438 776 1502 alba
796 1438 906 1505 ardet
924 1437 1105 1512 flamma,
1119 1438 1324 1502 evolvitur.

278 1539 513 1635 Continuata
524 1539 787 1618 destillatione
799 1543 1026 1608 obtinentur
1039 1542 1194 1622 acidum
1212 1561 1322 1624 prus·

277 1643 399 1707 sicum
428 1652 466 1708 et
492 1646 822 1728 phosphoricum,
846 1649 939 1717 aoda
969 1649 1202 1720 carbonata,
1237 1647 1323 1712 calx
1365 1716 1372 1726 ,

271 1743 554 1829 phosphorus,
573 1749 720 1818 ferrum
744 1751 1047 1844 phosphoricum
1071 1756 1108 1816 et
1130 1747 1322 1835 hydroge7
1351 1828 1355 1837 Ι

277 1853 387 1916 nium
409 1849 701 1936 sulphuratum,
723 1873 818 1938 quae
837 1860 881 1918 ut
899 1855 1022 1928 talia,
1035 1859 1221 1939 tanquam
1239 1873 1332 1936 pro·

161 1967 192 2040 ff
276 1951 393 2023 ducta
415 1960 609 2025 chemicae
631 1957 868 2042 operationis
900 1957 1136 2038 considerari
1169 1946 1322 2019 debent.

359 2130 431 2194 Ubi
453 2153 543 2208 vero
580 2128 735 2211 sanguis
768 2125 874 2197 haud
898 2129 1113 2191 commotus
1143 2095 1322 2202 congeli:

276 2241 348 2304 scit
364 2236 421 2322 (t.
445 2235 589 2322 106.·),e
611 2231 812 2316 superficie
831 2230 911 2310 ejus
934 2227 1108 2310 guttulae
1133 2223 1322 2288 exsudant

275 2339 572 2407 flavo-rubellae
586 2379 595 2410 ,
609 2356 705 2422 quae
725 2352 768 2398 ex
787 2353 867 2397 sese
890 2330 1144 2395 contrahente
1165 2325 1323 2406 placen·

275 2452 339 2518 ta,
352 2450 538 2524 tanquam
563 2461 581 2504 e
600 2438 762 2524 spongia
783 2435 936 2510 marina
957 2433 1249 2515 exprimuntur,
1263 2429 1325 2492 iu-

275 2551 402 2614 vioem
432 2545 630 2610 coniluunt
648 2547 716 2616 ,et
742 2543 871 2602 totum
900 2533 1060 2600 tandem
1083 2551 1325 2596 crassamen-

273 2637 372 2718 tum'
390 2651 594 2714 inundant.
628 2648 756 2712 lsthoo
780 2663 946 2707 serum
981 2635 1187 2705 dimidiam
1210 2627 1324 2699 circi·

279 2763 338 2820 ter
367 2751 492 2818 efficit
519 2753 561 2816 in
591 2753 763 2814 humano
793 2745 984 2829 sanguine
1017 2745 1189 2826 partem
1211 2739 1324 2802 varia

275 2867 408 2924 tamen
437 2858 478 2921 in
501 2853 670 2928 diversis¹
694 2850 908 2914 individuis
934 2848 1013 2931 ejus
1038 2843 1255 2910 advertitur
1276 2841 1326 2905 ad

275 2980 449 3026 cruorem
470 2952 697 3039 proportio,
719 2959 851 3036 estque
883 2952 958 3015 seri
976 2951 1063 3032 plus
1086 2949 1127 3040 in
1147 2945 1323 3012 homini-

276 3068 347 3132 bus
371 3060 587 3131 debilibus,
609 3056 883 3140 phlegmaticis
911 3059 950 3116 et
977 3052 1204 3136 hydropicis
1216 3071 1232 3124 ·,·
1249 3049 1325 3112 m'i-

145 3223 148 3228 .
269 3189 350 3234 nus
369 3167 411 3230 iu
436 3161 628 3232 robustis,
650 3158 898 3241 plathoricis‚
919 3155 1027 3219 febre
1057 3153 1323 3225 inflammato·

273 3255 335 3335 ria
356 3261 627 3332 laborantibus
646 3261 936 3346 b);minimem
961 3256 1046 3337 ejus.
1063 3255 1325 3342 quantitatem

273 3375 538 3441 'recusamus‘
565 3365 753 3451 comperit
781 3363 823 3427 in
860 3363 1046 3446 sanguine
1075 3359 1325 3444 gallinarum.

276 3481 343 3544 Est
361 3481 491 3540 autem
513 3491 659 3545 serum,
683 3459 786 3554 quod
804 3469 1000 3531 Hactenus
1023 3465 1128 3529 idem
1150 3485 1227 3528 esse
1248 3469 1327 3526 stae

146 3572 148 3584 '
275 3581 355 3645 tuit
388 3596 474 3642 oum
507 3578 669 3642 humore
703 3591 885 3636 vasorum
920 3569 1253 3662 lymplraticorum
1285 3573 1323 3632 et

277 3675 841 3768 lymphaticohydropioorum
857 3671 1008 3758 liquido
1034 3672 1099 3756 o),
1119 3669 1252 3755 liquor.
1265 3668 1326 3734 vi-

277 3784 469 3862 scidulus,
492 3779 753 3863 subsalsus,}
780 3775 936 3858 gravior
969 3795 1012 3838 ac
1050 3791 1172 3858 aquas
1205 3771 1326 3855 tingit

232 3910 234 3914 ’
278 3897 428 3955 serum,
450 3903 475 3958 a
497 3880 770 3942 mammalibus
794 3877 1010 3942 desumtum
1023 3916 1034 3951 ,
1047 3877 1240 3942 caeruleos
1261 3895 1327 3938 vav

279 3987 658 4075 getabiliumrsuocos
679 3984 806 4046 colore
827 3979 968 4055 viridi,
988 3999 1075 4044 cum
1096 3979 1328 4046 serumravi·

279 4096 408 4158 umet
428 4087 592 4171 piscium
612 4086 821 4152 alcalinam
841 4084 941 4150 banc
963 4082 1135 4150 indolem
1153 4083 1220 4160 vis
1237 4075 1329 4168 pror

284 4194 343 4258 ‹ut
364 4190 427 4276 c).
