<?xml version="1.0" encoding="UTF-8"?>
<!DOCTYPE html PUBLIC "-//W3C//DTD XHTML 1.0 Transitional//EN"
    "http://www.w3.org/TR/xhtml1/DTD/xhtml1-transitional.dtd">
<html xmlns="http://www.w3.org/1999/xhtml" xml:lang="en" lang="en">
 <head>
  <title>
</title>
<meta http-equiv="Content-Type" content="text/html;charset=utf-8" />
  <meta name='ocr-system' content='tesseract 3.04.00' />
  <meta name='ocr-capabilities' content='ocr_page ocr_carea ocr_par ocr_line ocrx_word'/>
</head>
<body>
  <div class='ocr_page' id='page_1' title='image "./physiologiamedi02lenhgoog_0059.png"; bbox 0 0 2842 4988; ppageno 0'>
   <div class='ocr_carea' id='block_1_1' title="bbox 120 651 129 688">
    <p class='ocr_par' dir='ltr' id='par_1_1' title="bbox 120 651 129 688">
     <span class='ocr_line' id='line_1_1' title="bbox 120 651 129 688; baseline 0 0"><span class='ocrx_word' id='word_1_1' title='bbox 120 651 129 688; x_wconf 78' lang='lat' dir='ltr'>t</span> 
     </span>
    </p>
   </div>
   <div class='ocr_carea' id='block_1_2' title="bbox 216 349 1270 470">
    <p class='ocr_par' dir='ltr' id='par_1_2' title="bbox 216 349 1270 470">
     <span class='ocr_line' id='line_1_2' title="bbox 216 349 1270 470; baseline -0.001 -14"><span class='ocrx_word' id='word_1_2' title='bbox 216 349 221 359; x_wconf 37' lang='grc'>’</span> <span class='ocrx_word' id='word_1_3' title='bbox 292 393 334 470; x_wconf 64' lang='grc'>46</span> <span class='ocrx_word' id='word_1_4' title='bbox 396 363 1270 455; x_wconf 69' lang='lat' dir='ltr'>malcomumsiracossr.romeon.</span> 
     </span>
    </p>
   </div>
   <div class='ocr_carea' id='block_1_3' title="bbox 284 531 1395 1037">
    <p class='ocr_par' dir='ltr' id='par_1_3' title="bbox 284 531 1395 1037">
     <span class='ocr_line' id='line_1_3' title="bbox 377 531 1340 625; baseline -0.004 -21"><span class='ocrx_word' id='word_1_5' title='bbox 377 537 584 625; x_wconf 77' lang='lat' dir='ltr'><strong>Quantitas</strong></span> <span class='ocrx_word' id='word_1_6' title='bbox 610 531 734 620; x_wconf 81' lang='lat' dir='ltr'>partis</span> <span class='ocrx_word' id='word_1_7' title='bbox 744 531 1118 618; x_wconf 77' lang='lat' dir='ltr'>rubraesanguinis,</span> <span class='ocrx_word' id='word_1_8' title='bbox 1132 553 1248 621; x_wconf 84' lang='lat' dir='ltr'>quam</span> <span class='ocrx_word' id='word_1_9' title='bbox 1261 537 1340 600; x_wconf 84' lang='lat' dir='ltr'>Cel.</span> 
     </span>
     <span class='ocr_line' id='line_1_4' title="bbox 292 631 1395 723; baseline -0.017 -16"><span class='ocrx_word' id='word_1_10' title='bbox 292 631 813 722; x_wconf 65' lang='lat' dir='ltr'>Phoenissa(1nst.i&#39;hys.</span> <span class='ocrx_word' id='word_1_11' title='bbox 841 642 870 712; x_wconf 75' lang='lat'>5.</span> <span class='ocrx_word' id='word_1_12' title='bbox 901 637 986 723; x_wconf 77' lang='lat'><strong>64.)</strong></span> <span class='ocrx_word' id='word_1_13' title='bbox 1009 636 1057 700; x_wconf 88' lang='lat' dir='ltr'>ad</span> <span class='ocrx_word' id='word_1_14' title='bbox 1077 643 1256 722; x_wconf 76' lang='lat' dir='ltr'><strong>quartam</strong></span> <span class='ocrx_word' id='word_1_15' title='bbox 1276 644 1339 701; x_wconf 80' lang='lat' dir='ltr'>to.</span> <span class='ocrx_word' id='word_1_16' title='bbox 1392 653 1395 660; x_wconf 46' lang='lat'>¹</span> 
     </span>
     <span class='ocr_line' id='line_1_5' title="bbox 290 741 1338 824; baseline -0.001 -15"><span class='ocrx_word' id='word_1_17' title='bbox 290 747 374 810; x_wconf 87' lang='lat' dir='ltr'>tius</span> <span class='ocrx_word' id='word_1_18' title='bbox 407 761 556 806; x_wconf 87' lang='lat' dir='ltr'>massae</span> <span class='ocrx_word' id='word_1_19' title='bbox 596 741 817 824; x_wconf 85' lang='lat' dir='ltr'>portionem</span> <span class='ocrx_word' id='word_1_20' title='bbox 858 741 1042 804; x_wconf 89' lang='lat' dir='ltr'>aestimat</span> <span class='ocrx_word' id='word_1_21' title='bbox 1062 785 1075 818; x_wconf 91' lang='lat'><strong><em>,</em></strong></span> <span class='ocrx_word' id='word_1_22' title='bbox 1097 741 1139 806; x_wconf 90' lang='lat' dir='ltr'>in</span> <span class='ocrx_word' id='word_1_23' title='bbox 1172 742 1338 809; x_wconf 88' lang='lat' dir='ltr'>diversis</span> 
     </span>
     <span class='ocr_line' id='line_1_6' title="bbox 286 841 1338 928; baseline 0.001 -17"><span class='ocrx_word' id='word_1_24' title='bbox 286 849 399 912; x_wconf 83' lang='lat' dir='ltr'>varia</span> <span class='ocrx_word' id='word_1_25' title='bbox 431 852 488 910; x_wconf 87' lang='lat' dir='ltr'>est</span> <span class='ocrx_word' id='word_1_26' title='bbox 515 843 755 907; x_wconf 75' lang='lat' dir='ltr'>individuiss</span> <span class='ocrx_word' id='word_1_27' title='bbox 788 843 912 928; x_wconf 88' lang='lat' dir='ltr'>major</span> <span class='ocrx_word' id='word_1_28' title='bbox 943 841 1113 909; x_wconf 87' lang='lat' dir='ltr'>enimin</span> <span class='ocrx_word' id='word_1_29' title='bbox 1141 848 1338 926; x_wconf 87' lang='lat' dir='ltr'>robustis,</span> 
     </span>
     <span class='ocr_line' id='line_1_7' title="bbox 284 949 1339 1037; baseline 0.002 -19"><span class='ocrx_word' id='word_1_30' title='bbox 284 956 420 1027; x_wconf 77' lang='lat' dir='ltr'>sanis,</span> <span class='ocrx_word' id='word_1_31' title='bbox 460 949 687 1037; x_wconf 86' lang='lat' dir='ltr'>plathoricis</span> <span class='ocrx_word' id='word_1_32' title='bbox 721 955 759 1012; x_wconf 91' lang='lat' dir='ltr'>et</span> <span class='ocrx_word' id='word_1_33' title='bbox 796 949 954 1014; x_wconf 59' lang='lat' dir='ltr'>mediae&lt;</span> <span class='ocrx_word' id='word_1_34' title='bbox 988 952 1128 1018; x_wconf 86' lang='lat' dir='ltr'>aetatis</span> <span class='ocrx_word' id='word_1_35' title='bbox 1161 952 1339 1020; x_wconf 87' lang='lat' dir='ltr'>homini·</span> 
     </span>
    </p>
   </div>
   <div class='ocr_carea' id='block_1_4' title="bbox 154 1051 1339 1142">
    <p class='ocr_par' dir='ltr' id='par_1_4' title="bbox 154 1051 1339 1142">
     <span class='ocr_line' id='line_1_8' title="bbox 154 1051 1339 1142; baseline 0.001 -21"><span class='ocrx_word' id='word_1_36' title='bbox 154 1063 160 1070; x_wconf 85' lang='grc'><strong>”</strong></span> <span class='ocrx_word' id='word_1_37' title='bbox 286 1059 356 1122; x_wconf 90' lang='lat' dir='ltr'>bus</span> <span class='ocrx_word' id='word_1_38' title='bbox 381 1054 490 1120; x_wconf 88' lang='lat' dir='ltr'>adest</span> <span class='ocrx_word' id='word_1_39' title='bbox 521 1051 654 1137; x_wconf 85' lang='lat' dir='ltr'>copia,</span> <span class='ocrx_word' id='word_1_40' title='bbox 678 1070 792 1136; x_wconf 89' lang='lat' dir='ltr'>quam</span> <span class='ocrx_word' id='word_1_41' title='bbox 822 1052 864 1118; x_wconf 91' lang='lat' dir='ltr'>in</span> <span class='ocrx_word' id='word_1_42' title='bbox 894 1052 1110 1130; x_wconf 76' lang='lat' dir='ltr'>debilibus,</span> <span class='ocrx_word' id='word_1_43' title='bbox 1138 1056 1339 1142; x_wconf 82' lang='lat' dir='ltr'>variisque</span> 
     </span>
    </p>
   </div>
   <div class='ocr_carea' id='block_1_5' title="bbox 281 1155 1345 1864">
    <p class='ocr_par' dir='ltr' id='par_1_5' title="bbox 281 1155 1345 1864">
     <span class='ocr_line' id='line_1_9' title="bbox 290 1155 1339 1241; baseline 0.002 -19"><span class='ocrx_word' id='word_1_44' title='bbox 290 1158 484 1224; x_wconf 84' lang='lat' dir='ltr'>cachexiis</span> <span class='ocrx_word' id='word_1_45' title='bbox 527 1155 831 1237; x_wconf 73' lang='lat' dir='ltr'><strong>laborantibus,</strong></span> <span class='ocrx_word' id='word_1_46' title='bbox 864 1160 902 1220; x_wconf 90' lang='lat' dir='ltr'>et</span> <span class='ocrx_word' id='word_1_47' title='bbox 939 1162 1092 1220; x_wconf 85' lang='lat' dir='ltr'>constat</span> <span class='ocrx_word' id='word_1_48' title='bbox 1136 1161 1339 1241; x_wconf 79' lang='lat' dir='ltr'>experien-</span> 
     </span>
     <span class='ocr_line' id='line_1_10' title="bbox 286 1249 1345 1346; baseline 0 -18"><span class='ocrx_word' id='word_1_49' title='bbox 286 1263 391 1343; x_wconf 84' lang='lat' dir='ltr'>tia,</span> <span class='ocrx_word' id='word_1_50' title='bbox 387 1260 488 1324; x_wconf 81' lang='lat' dir='ltr'>banc</span> <span class='ocrx_word' id='word_1_51' title='bbox 518 1258 721 1342; x_wconf 80' lang='lat' dir='ltr'>sanguinis</span> <span class='ocrx_word' id='word_1_52' title='bbox 750 1264 900 1341; x_wconf 86' lang='lat' dir='ltr'>partem</span> <span class='ocrx_word' id='word_1_53' title='bbox 937 1255 1178 1324; x_wconf 86' lang='lat' dir='ltr'>difficillime</span> <span class='ocrx_word' id='word_1_54' title='bbox 1205 1249 1345 1346; x_wconf 45' lang='lat' dir='ltr'>repro?</span> 
     </span>
     <span class='ocr_line' id='line_1_11' title="bbox 288 1360 1333 1456; baseline 0 -28"><span class='ocrx_word' id='word_1_55' title='bbox 288 1363 409 1456; x_wconf 87' lang='lat' dir='ltr'>duci,</span> <span class='ocrx_word' id='word_1_56' title='bbox 439 1361 510 1426; x_wconf 91' lang='lat' dir='ltr'>ubi</span> <span class='ocrx_word' id='word_1_57' title='bbox 548 1360 656 1444; x_wconf 75' lang='lat' dir='ltr'>larga</span> <span class='ocrx_word' id='word_1_58' title='bbox 695 1360 881 1424; x_wconf 84' lang='lat' dir='ltr'>humoris</span> <span class='ocrx_word' id='word_1_59' title='bbox 907 1360 1125 1443; x_wconf 79' lang='lat' dir='ltr'>praecessit</span> <span class='ocrx_word' id='word_1_60' title='bbox 1143 1365 1333 1444; x_wconf 82' lang='lat' dir='ltr'>profusio.</span> 
     </span>
     <span class='ocr_line' id='line_1_12' title="bbox 287 1447 1335 1553; baseline 0.001 -23"><span class='ocrx_word' id='word_1_61' title='bbox 287 1447 333 1547; x_wconf 72' lang='lat' dir='ltr'>In</span> <span class='ocrx_word' id='word_1_62' title='bbox 353 1465 562 1550; x_wconf 81' lang='lat' dir='ltr'>embtyone</span> <span class='ocrx_word' id='word_1_63' title='bbox 585 1455 757 1528; x_wconf 85' lang='lat' dir='ltr'>humano</span> <span class='ocrx_word' id='word_1_64' title='bbox 781 1469 871 1527; x_wconf 86' lang='lat' dir='ltr'>anta</span> <span class='ocrx_word' id='word_1_65' title='bbox 901 1462 1185 1528; x_wconf 77' lang='lat' dir='ltr'>hebdomadem</span> <span class='ocrx_word' id='word_1_66' title='bbox 1216 1486 1335 1553; x_wconf 86' lang='lat' dir='ltr'>quar-</span> 
     </span>
     <span class='ocr_line' id='line_1_13' title="bbox 281 1565 1333 1655; baseline 0.006 -22"><span class='ocrx_word' id='word_1_67' title='bbox 281 1575 365 1634; x_wconf 89' lang='lat' dir='ltr'>tam</span> <span class='ocrx_word' id='word_1_68' title='bbox 388 1567 517 1632; x_wconf 87' lang='lat' dir='ltr'>nullus</span> <span class='ocrx_word' id='word_1_69' title='bbox 538 1565 757 1630; x_wconf 79' lang='lat' dir='ltr'>advertitur</span> <span class='ocrx_word' id='word_1_70' title='bbox 778 1587 910 1641; x_wconf 82' lang='lat' dir='ltr'>eruor,</span> <span class='ocrx_word' id='word_1_71' title='bbox 923 1573 962 1631; x_wconf 86' lang='lat' dir='ltr'>et</span> <span class='ocrx_word' id='word_1_72' title='bbox 985 1571 1213 1655; x_wconf 85' lang='lat' dir='ltr'>comparet</span> <span class='ocrx_word' id='word_1_73' title='bbox 1202 1592 1244 1636; x_wconf 90' lang='lat' dir='ltr'>1n</span> <span class='ocrx_word' id='word_1_74' title='bbox 1257 1593 1333 1639; x_wconf 86' lang='lat' dir='ltr'>ovo</span> 
     </span>
     <span class='ocr_line' id='line_1_14' title="bbox 284 1672 1337 1759; baseline -0.002 -21"><span class='ocrx_word' id='word_1_75' title='bbox 284 1674 471 1756; x_wconf 78' lang='lat' dir='ltr'>lucubato</span> <span class='ocrx_word' id='word_1_76' title='bbox 491 1678 580 1758; x_wconf 84' lang='lat' dir='ltr'>post</span> <span class='ocrx_word' id='word_1_77' title='bbox 593 1672 931 1759; x_wconf 79' lang='lat' dir='ltr'>quadragesimam</span> <span class='ocrx_word' id='word_1_78' title='bbox 950 1674 1077 1758; x_wconf 86' lang='lat' dir='ltr'>primo</span> <span class='ocrx_word' id='word_1_79' title='bbox 1089 1677 1239 1756; x_wconf 82' lang='lat' dir='ltr'>horam.</span> <span class='ocrx_word' id='word_1_80' title='bbox 1264 1680 1337 1757; x_wconf 78' lang='lat' dir='ltr'>Ca.</span> 
     </span>
     <span class='ocr_line' id='line_1_15' title="bbox 282 1775 1331 1864; baseline 0.006 -24"><span class='ocrx_word' id='word_1_81' title='bbox 282 1776 355 1840; x_wconf 91' lang='lat' dir='ltr'>lidi</span> <span class='ocrx_word' id='word_1_82' title='bbox 387 1776 588 1860; x_wconf 84' lang='lat' dir='ltr'>sanguinis</span> <span class='ocrx_word' id='word_1_83' title='bbox 620 1777 841 1841; x_wconf 86' lang='lat' dir='ltr'>animantia</span> <span class='ocrx_word' id='word_1_84' title='bbox 861 1775 948 1860; x_wconf 86' lang='lat' dir='ltr'>plus</span> <span class='ocrx_word' id='word_1_85' title='bbox 969 1776 1118 1844; x_wconf 85' lang='lat' dir='ltr'>habent</span> <span class='ocrx_word' id='word_1_86' title='bbox 1140 1778 1186 1842; x_wconf 90' lang='lat' dir='ltr'>de</span> <span class='ocrx_word' id='word_1_87' title='bbox 1205 1781 1331 1864; x_wconf 84' lang='lat' dir='ltr'>parti-</span> 
     </span>
    </p>
   </div>
   <div class='ocr_carea' id='block_1_6' title="bbox 280 2045 1329 2548">
    <p class='ocr_par' dir='ltr' id='par_1_6' title="bbox 280 2045 1329 2548">
     <span class='ocr_line' id='line_1_16' title="bbox 370 2045 1329 2140; baseline 0.004 -23"><span class='ocrx_word' id='word_1_88' title='bbox 370 2045 552 2117; x_wconf 84' lang='lat' dir='ltr'>Cliemica</span> <span class='ocrx_word' id='word_1_89' title='bbox 582 2047 729 2116; x_wconf 84' lang='lat' dir='ltr'>cruoris</span> <span class='ocrx_word' id='word_1_90' title='bbox 772 2052 946 2138; x_wconf 88' lang='lat' dir='ltr'>analysis</span> <span class='ocrx_word' id='word_1_91' title='bbox 976 2053 1144 2116; x_wconf 86' lang='lat' dir='ltr'>multum</span> <span class='ocrx_word' id='word_1_92' title='bbox 1171 2053 1329 2140; x_wconf 87' lang='lat' dir='ltr'>quidem</span> 
     </span>
     <span class='ocr_line' id='line_1_17' title="bbox 281 2147 1329 2256; baseline 0.004 -36"><span class='ocrx_word' id='word_1_93' title='bbox 281 2160 434 2220; x_wconf 77' lang='lat' dir='ltr'>tentata</span> <span class='ocrx_word' id='word_1_94' title='bbox 453 2147 532 2236; x_wconf 80' lang='lat' dir='ltr'>iam</span> <span class='ocrx_word' id='word_1_95' title='bbox 551 2153 694 2227; x_wconf 81' lang='lat' dir='ltr'>fuerat,</span> <span class='ocrx_word' id='word_1_96' title='bbox 706 2155 921 2235; x_wconf 81' lang='lat' dir='ltr'>perfectam</span> <span class='ocrx_word' id='word_1_97' title='bbox 933 2161 1065 2217; x_wconf 87' lang='lat' dir='ltr'>tamen</span> <span class='ocrx_word' id='word_1_98' title='bbox 1087 2157 1248 2256; x_wconf 69' lang='lat' dir='ltr'>necdum</span> <span class='ocrx_word' id='word_1_99' title='bbox 1259 2157 1329 2224; x_wconf 85' lang='lat' dir='ltr'>ha-</span> 
     </span>
     <span class='ocr_line' id='line_1_18' title="bbox 280 2246 1329 2343; baseline 0.003 -20"><span class='ocrx_word' id='word_1_100' title='bbox 280 2248 415 2324; x_wconf 76' lang='lat' dir='ltr'>bertius</span> <span class='ocrx_word' id='word_1_101' title='bbox 437 2246 680 2320; x_wconf 84' lang='lat' dir='ltr'>substantiae</span> <span class='ocrx_word' id='word_1_102' title='bbox 701 2253 814 2318; x_wconf 89' lang='lat' dir='ltr'>istius</span> <span class='ocrx_word' id='word_1_103' title='bbox 827 2298 838 2331; x_wconf 91' lang='lat'><em>,</em></span> <span class='ocrx_word' id='word_1_104' title='bbox 852 2257 1041 2320; x_wconf 88' lang='lat' dir='ltr'>chemico-</span> <span class='ocrx_word' id='word_1_105' title='bbox 1024 2258 1100 2322; x_wconf 91' lang='lat' dir='ltr'>-vit</span> <span class='ocrx_word' id='word_1_106' title='bbox 1086 2260 1158 2322; x_wconf 87' lang='lat' dir='ltr'>tali</span> <span class='ocrx_word' id='word_1_107' title='bbox 1177 2280 1329 2343; x_wconf 85' lang='lat' dir='ltr'>proces-</span> 
     </span>
     <span class='ocr_line' id='line_1_19' title="bbox 282 2355 1328 2442; baseline 0.005 -19"><span class='ocrx_word' id='word_1_108' title='bbox 282 2374 326 2424; x_wconf 87' lang='lat' dir='ltr'>su</span> <span class='ocrx_word' id='word_1_109' title='bbox 346 2355 576 2441; x_wconf 84' lang='lat' dir='ltr'>productae,-</span> <span class='ocrx_word' id='word_1_110' title='bbox 613 2359 886 2442; x_wconf 80' lang='lat' dir='ltr'>cognitionem.</span> <span class='ocrx_word' id='word_1_111' title='bbox 919 2362 960 2424; x_wconf 91' lang='lat' dir='ltr'>Id</span> <span class='ocrx_word' id='word_1_112' title='bbox 993 2369 1127 2426; x_wconf 88' lang='lat' dir='ltr'>tamen</span> <span class='ocrx_word' id='word_1_113' title='bbox 1158 2363 1328 2428; x_wconf 90' lang='lat' dir='ltr'>evictum</span> 
     </span>
     <span class='ocr_line' id='line_1_20' title="bbox 281 2460 1327 2548; baseline 0.005 -23"><span class='ocrx_word' id='word_1_114' title='bbox 281 2465 361 2538; x_wconf 90' lang='lat' dir='ltr'>est,</span> <span class='ocrx_word' id='word_1_115' title='bbox 372 2460 545 2524; x_wconf 84' lang='lat' dir='ltr'>ferrum</span> <span class='ocrx_word' id='word_1_116' title='bbox 535 2479 657 2523; x_wconf 86' lang='lat' dir='ltr'>messe</span> <span class='ocrx_word' id='word_1_117' title='bbox 677 2461 849 2524; x_wconf 90' lang='lat' dir='ltr'>omnium</span> <span class='ocrx_word' id='word_1_118' title='bbox 871 2464 1102 2529; x_wconf 86' lang='lat' dir='ltr'>animalium</span> <span class='ocrx_word' id='word_1_119' title='bbox 1122 2467 1327 2548; x_wconf 86' lang='lat' dir='ltr'>sanguini,</span> 
     </span>
    </p>
   </div>
   <div class='ocr_carea' id='block_1_7' title="bbox 204 2553 1323 2670">
    <p class='ocr_par' dir='ltr' id='par_1_7' title="bbox 204 2553 1323 2670">
     <span class='ocr_line' id='line_1_21' title="bbox 204 2553 1323 2670; baseline 0.005 -43"><span class='ocrx_word' id='word_1_120' title='bbox 204 2553 207 2562; x_wconf 60' lang='grc'><strong><em>’</em></strong></span> <span class='ocrx_word' id='word_1_121' title='bbox 281 2564 350 2628; x_wconf 87' lang='lat' dir='ltr'>ubi</span> <span class='ocrx_word' id='word_1_122' title='bbox 373 2564 477 2627; x_wconf 88' lang='lat' dir='ltr'>color</span> <span class='ocrx_word' id='word_1_123' title='bbox 497 2560 606 2625; x_wconf 84' lang='lat' dir='ltr'>adest</span> <span class='ocrx_word' id='word_1_124' title='bbox 626 2565 765 2643; x_wconf 85' lang='lat' dir='ltr'>ruber</span> <span class='ocrx_word' id='word_1_125' title='bbox 795 2565 909 2651; x_wconf 89' lang='lat' dir='ltr'>idque</span> <span class='ocrx_word' id='word_1_126' title='bbox 943 2562 1148 2633; x_wconf 83' lang='lat' dir='ltr'>metallum</span> <span class='ocrx_word' id='word_1_127' title='bbox 1173 2573 1323 2670; x_wconf 81' lang='lat' dir='ltr'>praeci-</span> 
     </span>
    </p>
   </div>
   <div class='ocr_carea' id='block_1_8' title="bbox 279 2644 1327 2761">
    <p class='ocr_par' dir='ltr' id='par_1_8' title="bbox 279 2644 1327 2761">
     <span class='ocr_line' id='line_1_22' title="bbox 279 2644 1327 2761; baseline 0.008 -27"><span class='ocrx_word' id='word_1_128' title='bbox 279 2691 400 2758; x_wconf 84' lang='lat' dir='ltr'>puam</span> <span class='ocrx_word' id='word_1_129' title='bbox 429 2669 508 2754; x_wconf 88' lang='lat' dir='ltr'>ejus</span> <span class='ocrx_word' id='word_1_130' title='bbox 533 2671 671 2736; x_wconf 88' lang='lat' dir='ltr'>coloris</span> <span class='ocrx_word' id='word_1_131' title='bbox 702 2669 855 2736; x_wconf 83' lang='lat' dir='ltr'>efficere</span> <span class='ocrx_word' id='word_1_132' title='bbox 888 2693 1043 2738; x_wconf 86' lang='lat' dir='ltr'>causam</span> <span class='ocrx_word' id='word_1_133' title='bbox 1071 2644 1130 2761; x_wconf 82' lang='lat' dir='ltr'>d)</span> <span class='ocrx_word' id='word_1_134' title='bbox 1166 2659 1327 2743; x_wconf 86' lang='lat' dir='ltr'>Videtur</span> 
     </span>
    </p>
   </div>
   <div class='ocr_carea' id='block_1_9' title="bbox 161 2773 1407 2866">
    <p class='ocr_par' dir='ltr' id='par_1_9' title="bbox 161 2773 1407 2866">
     <span class='ocr_line' id='line_1_23' title="bbox 161 2773 1407 2866; baseline 0.007 -30"><span class='ocrx_word' id='word_1_135' title='bbox 161 2819 167 2836; x_wconf 86' lang='lat'><em>.</em></span> <span class='ocrx_word' id='word_1_136' title='bbox 253 2778 410 2836; x_wconf 82' lang='lat' dir='ltr'>¹autem</span> <span class='ocrx_word' id='word_1_137' title='bbox 431 2773 576 2837; x_wconf 82' lang='lat' dir='ltr'>serrum</span> <span class='ocrx_word' id='word_1_138' title='bbox 608 2773 797 2856; x_wconf 88' lang='lat' dir='ltr'>peculiari</span> <span class='ocrx_word' id='word_1_139' title='bbox 829 2774 994 2859; x_wconf 87' lang='lat' dir='ltr'>quodam</span> <span class='ocrx_word' id='word_1_140' title='bbox 1026 2779 1135 2842; x_wconf 89' lang='lat' dir='ltr'>acido</span> <span class='ocrx_word' id='word_1_141' title='bbox 1165 2779 1325 2863; x_wconf 86' lang='lat' dir='ltr'>conjun-</span> <span class='ocrx_word' id='word_1_142' title='bbox 1406 2863 1407 2866; x_wconf 8' lang='grc' dir='ltr'><strong>Ἴ</strong></span> 
     </span>
    </p>
   </div>
   <div class='ocr_carea' id='block_1_10' title="bbox 281 2875 1317 2960">
    <p class='ocr_par' dir='ltr' id='par_1_10' title="bbox 281 2875 1317 2960">
     <span class='ocr_line' id='line_1_24' title="bbox 281 2875 1317 2960; baseline 0.008 -22"><span class='ocrx_word' id='word_1_143' title='bbox 281 2881 386 2938; x_wconf 85' lang='lat' dir='ltr'>ctum</span> <span class='ocrx_word' id='word_1_144' title='bbox 402 2897 480 2938; x_wconf 88' lang='lat' dir='ltr'>esse</span> <span class='ocrx_word' id='word_1_145' title='bbox 493 2921 504 2954; x_wconf 92' lang='lat'>,</span> <span class='ocrx_word' id='word_1_146' title='bbox 526 2895 601 2960; x_wconf 85' lang='lat' dir='ltr'>quo</span> <span class='ocrx_word' id='word_1_147' title='bbox 622 2877 783 2940; x_wconf 87' lang='lat' dir='ltr'>rubrum</span> <span class='ocrx_word' id='word_1_148' title='bbox 801 2875 905 2941; x_wconf 86' lang='lat' dir='ltr'>sistit</span> <span class='ocrx_word' id='word_1_149' title='bbox 934 2881 1130 2957; x_wconf 90' lang='lat' dir='ltr'>colorem,</span> <span class='ocrx_word' id='word_1_150' title='bbox 1151 2886 1189 2944; x_wconf 87' lang='lat' dir='ltr'>et</span> <span class='ocrx_word' id='word_1_151' title='bbox 1212 2882 1317 2946; x_wconf 89' lang='lat' dir='ltr'>solu-</span> 
     </span>
    </p>
   </div>
   <div class='ocr_carea' id='block_1_11' title="bbox 173 2975 1325 3172">
    <p class='ocr_par' dir='ltr' id='par_1_11' title="bbox 173 2975 1325 3172">
     <span class='ocr_line' id='line_1_25' title="bbox 173 2975 1325 3074; baseline 0.015 -42"><span class='ocrx_word' id='word_1_152' title='bbox 173 3013 178 3032; x_wconf 50' lang='grc' dir='ltr'><em>Ι</em></span> <span class='ocrx_word' id='word_1_153' title='bbox 278 2975 391 3040; x_wconf 89' lang='lat' dir='ltr'>bile</span> <span class='ocrx_word' id='word_1_154' title='bbox 380 2997 421 3038; x_wconf 84' lang='lat'>111</span> <span class='ocrx_word' id='word_1_155' title='bbox 434 2998 517 3041; x_wconf 89' lang='lat' dir='ltr'>sero</span> <span class='ocrx_word' id='word_1_156' title='bbox 537 2978 723 3042; x_wconf 84' lang='lat' dir='ltr'>redditur.</span> <span class='ocrx_word' id='word_1_157' title='bbox 745 2979 878 3043; x_wconf 80' lang='lat' dir='ltr'>Prodit</span> <span class='ocrx_word' id='word_1_158' title='bbox 894 3001 933 3042; x_wconf 90' lang='lat' dir='ltr'>se</span> <span class='ocrx_word' id='word_1_159' title='bbox 952 2983 1218 3056; x_wconf 87' lang='lat' dir='ltr'>ferrum‚cum</span> <span class='ocrx_word' id='word_1_160' title='bbox 1240 2987 1325 3074; x_wconf 80' lang='lat' dir='ltr'>gal</span> 
     </span>
     <span class='ocr_line' id='line_1_26' title="bbox 196 3077 1324 3172; baseline 0.012 -31"><span class='ocrx_word' id='word_1_161' title='bbox 196 3144 235 3160; x_wconf 60' lang='grc'>,,</span> <span class='ocrx_word' id='word_1_162' title='bbox 282 3077 408 3142; x_wconf 85' lang='lat' dir='ltr'>larum</span> <span class='ocrx_word' id='word_1_163' title='bbox 424 3079 553 3163; x_wconf 86' lang='lat' dir='ltr'>pulvis</span> <span class='ocrx_word' id='word_1_164' title='bbox 577 3079 757 3164; x_wconf 81' lang='lat' dir='ltr'>sanguim</span> <span class='ocrx_word' id='word_1_165' title='bbox 777 3082 958 3160; x_wconf 80' lang='lat' dir='ltr'>additur</span> <span class='ocrx_word' id='word_1_166' title='bbox 982 3105 1056 3172; x_wconf 91' lang='lat' dir='ltr'>quo</span> <span class='ocrx_word' id='word_1_167' title='bbox 1075 3105 1143 3170; x_wconf 89' lang='lat' dir='ltr'>per</span> <span class='ocrx_word' id='word_1_168' title='bbox 1158 3086 1324 3155; x_wconf 82' lang='lat' dir='ltr'>brduum</span> 
     </span>
    </p>
   </div>
   <div class='ocr_carea' id='block_1_12' title="bbox 282 3187 1325 3272">
    <p class='ocr_par' dir='ltr' id='par_1_12' title="bbox 282 3187 1325 3272">
     <span class='ocr_line' id='line_1_27' title="bbox 282 3187 1325 3272; baseline 0.009 -23"><span class='ocrx_word' id='word_1_169' title='bbox 282 3191 411 3250; x_wconf 86' lang='lat' dir='ltr'>atrum</span> <span class='ocrx_word' id='word_1_170' title='bbox 435 3187 603 3272; x_wconf 84' lang='lat' dir='ltr'>acquirit</span> <span class='ocrx_word' id='word_1_171' title='bbox 625 3187 815 3264; x_wconf 81' lang='lat' dir='ltr'>colore&#39;m3</span> <span class='ocrx_word' id='word_1_172' title='bbox 839 3188 918 3252; x_wconf 91' lang='lat' dir='ltr'>leni</span> <span class='ocrx_word' id='word_1_173' title='bbox 940 3187 1058 3252; x_wconf 87' lang='lat' dir='ltr'>etiam</span> <span class='ocrx_word' id='word_1_174' title='bbox 1083 3193 1206 3255; x_wconf 90' lang='lat' dir='ltr'>calore</span> <span class='ocrx_word' id='word_1_175' title='bbox 1238 3213 1325 3257; x_wconf 87' lang='lat' dir='ltr'>coa-</span> 
     </span>
    </p>
   </div>
   <div class='ocr_carea' id='block_1_13' title="bbox 172 3279 1321 3375">
    <p class='ocr_par' dir='ltr' id='par_1_13' title="bbox 172 3279 1321 3375">
     <span class='ocr_line' id='line_1_28' title="bbox 172 3279 1321 3375; baseline 0.005 -21"><span class='ocrx_word' id='word_1_176' title='bbox 172 3363 174 3370; x_wconf 41' lang='lat'><em>,</em></span> <span class='ocrx_word' id='word_1_177' title='bbox 281 3279 459 3375; x_wconf 86' lang='lat' dir='ltr'>gulatus‚</span> <span class='ocrx_word' id='word_1_178' title='bbox 492 3307 688 3373; x_wconf 84' lang='lat' dir='ltr'>expressus</span> <span class='ocrx_word' id='word_1_179' title='bbox 718 3293 756 3352; x_wconf 88' lang='lat' dir='ltr'>et</span> <span class='ocrx_word' id='word_1_180' title='bbox 785 3287 872 3351; x_wconf 64' lang='lat' dir='ltr'>atre</span> <span class='ocrx_word' id='word_1_181' title='bbox 902 3289 1085 3368; x_wconf 86' lang='lat' dir='ltr'>siccatus,</span> <span class='ocrx_word' id='word_1_182' title='bbox 1108 3291 1321 3374; x_wconf 86' lang='lat' dir='ltr'>particulas</span> 
     </span>
    </p>
   </div>
   <div class='ocr_carea' id='block_1_14' title="bbox 281 3389 1327 3583">
    <p class='ocr_par' dir='ltr' id='par_1_14' title="bbox 281 3389 1327 3583">
     <span class='ocr_line' id='line_1_29' title="bbox 281 3389 1327 3479; baseline 0.007 -24"><span class='ocrx_word' id='word_1_183' title='bbox 281 3393 438 3456; x_wconf 84' lang='lat' dir='ltr'>exhibet</span> <span class='ocrx_word' id='word_1_184' title='bbox 458 3390 629 3475; x_wconf 83' lang='lat' dir='ltr'>magneti</span> <span class='ocrx_word' id='word_1_185' title='bbox 651 3389 875 3454; x_wconf 85' lang='lat' dir='ltr'>attractiles</span> <span class='ocrx_word' id='word_1_186' title='bbox 890 3392 931 3477; x_wconf 92' lang='lat' dir='ltr'>e)</span> <span class='ocrx_word' id='word_1_187' title='bbox 942 3389 1056 3475; x_wconf 89' lang='lat' dir='ltr'>,quod</span> <span class='ocrx_word' id='word_1_188' title='bbox 1079 3392 1232 3479; x_wconf 90' lang='lat' dir='ltr'>quidem</span> <span class='ocrx_word' id='word_1_189' title='bbox 1245 3416 1327 3462; x_wconf 84' lang='lat' dir='ltr'>me·</span> 
     </span>
     <span class='ocr_line' id='line_1_30' title="bbox 284 3492 1275 3583; baseline -0.002 -21"><span class='ocrx_word' id='word_1_190' title='bbox 284 3495 358 3562; x_wconf 88' lang='lat' dir='ltr'>lius</span> <span class='ocrx_word' id='word_1_191' title='bbox 381 3493 506 3557; x_wconf 87' lang='lat' dir='ltr'>adhuc</span> <span class='ocrx_word' id='word_1_192' title='bbox 524 3492 695 3558; x_wconf 88' lang='lat' dir='ltr'>succedit</span> <span class='ocrx_word' id='word_1_193' title='bbox 716 3513 799 3556; x_wconf 90' lang='lat' dir='ltr'>cum</span> <span class='ocrx_word' id='word_1_194' title='bbox 821 3493 1008 3578; x_wconf 82' lang='lat' dir='ltr'>sanguine</span> <span class='ocrx_word' id='word_1_195' title='bbox 1026 3497 1210 3560; x_wconf 87' lang='lat' dir='ltr'>ustulato.</span> <span class='ocrx_word' id='word_1_196' title='bbox 1232 3497 1275 3583; x_wconf 84' lang='lat' dir='ltr'>f)</span> 
     </span>
    </p>
   </div>
   <div class='ocr_carea' id='block_1_15' title="bbox 238 3649 1329 4276">
    <p class='ocr_par' dir='ltr' id='par_1_15' title="bbox 272 3649 1329 4253">
     <span class='ocr_line' id='line_1_31' title="bbox 363 3649 1329 3743; baseline 0.001 -20"><span class='ocrx_word' id='word_1_197' title='bbox 363 3659 572 3743; x_wconf 84' lang='lat' dir='ltr'>Quaeritur</span> <span class='ocrx_word' id='word_1_198' title='bbox 593 3675 693 3720; x_wconf 89' lang='lat' dir='ltr'>nunc</span> <span class='ocrx_word' id='word_1_199' title='bbox 704 3698 716 3735; x_wconf 91' lang='lat'><em>,</em></span> <span class='ocrx_word' id='word_1_200' title='bbox 728 3675 802 3738; x_wconf 89' lang='lat' dir='ltr'>quo</span> <span class='ocrx_word' id='word_1_201' title='bbox 821 3655 862 3718; x_wconf 92' lang='lat' dir='ltr'>in</span> <span class='ocrx_word' id='word_1_202' title='bbox 883 3660 988 3720; x_wconf 86' lang='lat' dir='ltr'>statu</span> <span class='ocrx_word' id='word_1_203' title='bbox 1007 3656 1153 3722; x_wconf 82' lang='lat' dir='ltr'>ferrum</span> <span class='ocrx_word' id='word_1_204' title='bbox 1175 3659 1217 3723; x_wconf 87' lang='lat' dir='ltr'>in</span> <span class='ocrx_word' id='word_1_205' title='bbox 1236 3649 1329 3724; x_wconf 83' lang='lat' dir='ltr'>san·</span> 
     </span>
     <span class='ocr_line' id='line_1_32' title="bbox 282 3743 1328 3846; baseline 0.005 -22"><span class='ocrx_word' id='word_1_206' title='bbox 282 3762 400 3846; x_wconf 85' lang='lat' dir='ltr'>guina</span> <span class='ocrx_word' id='word_1_207' title='bbox 422 3759 589 3826; x_wconf 80' lang='lat' dir='ltr'>existat?</span> <span class='ocrx_word' id='word_1_208' title='bbox 607 3759 749 3824; x_wconf 91' lang='lat' dir='ltr'>Docuit</span> <span class='ocrx_word' id='word_1_209' title='bbox 761 3759 980 3838; x_wconf 74' lang='lat' dir='ltr'>Fovuutsou</span> <span class='ocrx_word' id='word_1_210' title='bbox 992 3777 1077 3824; x_wconf 89' lang='lat' dir='ltr'>cum</span> <span class='ocrx_word' id='word_1_211' title='bbox 1098 3743 1328 3842; x_wconf 56' lang='lat' dir='ltr'>venustum</span> 
     </span>
     <span class='ocr_line' id='line_1_33' title="bbox 284 3860 1317 3946; baseline 0 -17"><span class='ocrx_word' id='word_1_212' title='bbox 284 3867 428 3930; x_wconf 79' lang='lat' dir='ltr'>ferrum</span> <span class='ocrx_word' id='word_1_213' title='bbox 454 3861 879 3945; x_wconf 56' lang='lat' dir='ltr'>esse’phosphoricum</span> <span class='ocrx_word' id='word_1_214' title='bbox 896 3860 984 3925; x_wconf 84' lang='lat' dir='ltr'>basi</span> <span class='ocrx_word' id='word_1_215' title='bbox 1002 3869 1137 3926; x_wconf 88' lang='lat' dir='ltr'>tamen</span> <span class='ocrx_word' id='word_1_216' title='bbox 1153 3883 1317 3946; x_wconf 82' lang='lat' dir='ltr'>praeva-</span> 
     </span>
     <span class='ocr_line' id='line_1_34' title="bbox 277 3964 1320 4054; baseline 0.001 -20"><span class='ocrx_word' id='word_1_217' title='bbox 277 3971 404 4043; x_wconf 85' lang='lat' dir='ltr'>lente,</span> <span class='ocrx_word' id='word_1_218' title='bbox 428 3966 526 4052; x_wconf 89' lang='lat' dir='ltr'>quod</span> <span class='ocrx_word' id='word_1_219' title='bbox 548 3964 774 4048; x_wconf 83' lang='lat' dir='ltr'>sanguinem</span> <span class='ocrx_word' id='word_1_220' title='bbox 797 3967 949 4031; x_wconf 79' lang='lat' dir='ltr'>colorat</span> <span class='ocrx_word' id='word_1_221' title='bbox 963 3967 1021 4054; x_wconf 81' lang='lat' dir='ltr'>g).</span> <span class='ocrx_word' id='word_1_222' title='bbox 1052 3969 1320 4035; x_wconf 84' lang='lat' dir='ltr'>Obmoverunt</span> 
     </span>
     <span class='ocr_line' id='line_1_35' title="bbox 280 4067 1322 4151; baseline -0.001 -14"><span class='ocrx_word' id='word_1_223' title='bbox 280 4078 409 4137; x_wconf 87' lang='lat' dir='ltr'>autem</span> <span class='ocrx_word' id='word_1_224' title='bbox 435 4075 569 4135; x_wconf 88' lang='lat' dir='ltr'>contra</span> <span class='ocrx_word' id='word_1_225' title='bbox 586 4067 825 4151; x_wconf 85' lang='lat' dir='ltr'>hypothesin</span> <span class='ocrx_word' id='word_1_226' title='bbox 859 4068 959 4132; x_wconf 88' lang='lat' dir='ltr'>hanc</span> <span class='ocrx_word' id='word_1_227' title='bbox 992 4071 1120 4135; x_wconf 85' lang='lat' dir='ltr'>varias</span> <span class='ocrx_word' id='word_1_228' title='bbox 1149 4071 1322 4136; x_wconf 87' lang='lat' dir='ltr'>difficul-</span> 
     </span>
     <span class='ocr_line' id='line_1_36' title="bbox 238 4169 1322 4276; baseline -0.005 -35.835"><span class='ocrx_word' id='word_1_229' title='bbox 238 4179 372 4245; x_wconf 82' lang='lat' dir='ltr'>tates</span> <span class='ocrx_word' id='word_1_230' title='bbox 396 4174 605 4236; x_wconf 76' lang='lat' dir='ltr'>Burrusrus</span> <span class='ocrx_word' id='word_1_231' title='bbox 645 4176 683 4234; x_wconf 84' lang='lat' dir='ltr'>et</span> <span class='ocrx_word' id='word_1_232' title='bbox 704 4171 970 4276; x_wconf 80' lang='lat' dir='ltr'>Tusvras&#39;uos</span> <span class='ocrx_word' id='word_1_233' title='bbox 989 4169 1065 4253; x_wconf 88' lang='lat' dir='ltr'>b).</span> <span class='ocrx_word' id='word_1_234' title='bbox 1090 4173 1234 4236; x_wconf 84' lang='lat' dir='ltr'>etenim</span> <span class='ocrx_word' id='word_1_235' title='bbox 1258 4191 1322 4238; x_wconf 82' lang='lat' dir='ltr'>so</span> 
     </span>
    </p>
   </div>
   <div class='ocr_carea' id='block_1_16' title="bbox 164 4257 1406 4359">
    <p class='ocr_par' dir='ltr' id='par_1_16' title="bbox 164 4257 1406 4359">
     <span class='ocr_line' id='line_1_37' title="bbox 164 4257 1406 4359; baseline 0.002 -19"><span class='ocrx_word' id='word_1_236' title='bbox 164 4289 168 4301; x_wconf 91' lang='grc'><strong>’</strong></span> <span class='ocrx_word' id='word_1_237' title='bbox 274 4279 433 4344; x_wconf 89' lang='lat' dir='ltr'>lutum&#39;</span> <span class='ocrx_word' id='word_1_238' title='bbox 422 4298 465 4342; x_wconf 82' lang='lat' dir='ltr'>sn</span> <span class='ocrx_word' id='word_1_239' title='bbox 481 4275 590 4341; x_wconf 77' lang='lat' dir='ltr'>acido</span> <span class='ocrx_word' id='word_1_240' title='bbox 624 4257 882 4359; x_wconf 74' lang='lat' dir='ltr'>phosphorico</span> <span class='ocrx_word' id='word_1_241' title='bbox 917 4277 1064 4350; x_wconf 79' lang='lat' dir='ltr'>ferrum</span> <span class='ocrx_word' id='word_1_242' title='bbox 1096 4279 1144 4341; x_wconf 87' lang='lat' dir='ltr'>ab</span> <span class='ocrx_word' id='word_1_243' title='bbox 1178 4277 1319 4343; x_wconf 80' lang='lat' dir='ltr'>addito</span> <span class='ocrx_word' id='word_1_244' title='bbox 1405 4279 1406 4284; x_wconf 71' lang='grc'>’</span> 
     </span>
    </p>
   </div>
   <div class='ocr_carea' id='block_1_17' title="bbox 0 0 1426 4988">
    <p class='ocr_par' dir='ltr' id='par_1_17' title="bbox 0 0 1426 4988">
     <span class='ocr_line' id='line_1_38' title="bbox 0 0 1426 4988; baseline 0 3"><span class='ocrx_word' id='word_1_245' title='bbox 0 0 1426 4988; x_wconf 95' lang='lat' dir='ltr'> </span> 
     </span>
    </p>
   </div>
  </div>
 </body>
</html>
