2902 4996
254 341 317 418 868
339 345 424 412 Lis.
446 345 490 412 ΙΙ.
514 349 612 440 cnr.
629 345 687 412 lv:
708 347 767 443 Di
792 349 941 411 sireni.
961 357 1262 450 visitanter.

652 555 656 570 .
702 499 734 568 t·
777 493 851 576 256·

584 637 977 748 litterarius..
1055 741 1078 748 ..

338 855 447 919 Circa
475 873 620 921 annum
661 843 1021 940 quinquagesimum
1047 903 1059 936 ,
1085 857 1207 932 ¹citius
1239 847 1312 930 vei'

253 958 426 1056 tar-dius,
450 962 567 1041 prout
588 963 825 1022 memoratae
849 981 887 1022 se
910 960 1122 1027 habuerint
1145 965 1310 1034 circum-

253 1062 425 1127 stantiae
449 1059 499 1147 (§.
528 1065 646 1146 25¹2),
666 1065 800 1128 vitalis
827 1061 959 1129 deficit
979 1068 1117 1150 vigor,
1148 1048 1308 1154 corpusss

253 1187 327 1254 que
351 1165 577 1250 organicum
600 1165 647 1245 ad
680 1165 844 1230 inertem
875 1158 1303 1252 'paulatim'redueitur

252 1275 399 1336 statum
410 1311 422 1346 ‚
442 1274 484 1358 ‘et
502 1269 550 1332 ad
577 1271 636 1334 sui
659 1267 880 1352 disponitur
898 1255 1189 1364 resolutionem.
1214 1279 1306 1360 Ipsa

253 1379 359 1442 enim
373 1394 518 1462 organa
535 1395 603 1458 per
617 1373 801 1438 diuturna
811 1367 945 1440 officia
957 1378 1016 1444 ita
1033 1379 1191 1454 tandem
1204 1383 1309 1446 alie-

251 1485 396 1546 nantur
423 1484 501 1554 ,ut
539 1478 839 1562 reproductivus
873 1499 1073 1562 processus
1107 1505 1184 1564 non
1219 1506 1306 1550 am⁴

250 1585 354 1670 plius
377 1569 555 1649 sufficiat¹
572 1582 804 1646 mixtionem
827 1587 865 1680 et
884 1584 1054 1650 formam
1068 1569 1219 1680 ¹seruare
1236 1593 1307 1656 de·
1415 1669 1417 1677 Α

152 1733 157 1773 ;
251 1691 381 1754 bitam
393 1731 404 1764 ,
424 1709 492 1754 nec
513 1687 616 1774 vires
634 1693 853 1751 restaurare
872 1686 1104 1773 justepossit
1126 1693 1305 1779 amissas.

249 1795 484 1862 Minuuntur
499 1789 670 1874 corporis
682 1789 864 1854 humores
877 1831 888 1863 ‚
902 1800 1090 1876 augentur
1105 1799 1323 1861 terrestres¹

252 1895 470 1984 particulae
482 1894 533 1982 (l.
554 1897 656 1977 98.),
678 1891 859 1980 ipsaeque
880 1901 1023 1977 partes·
1040 1897 1165 1964 solido
1179 1903 1311 1964 ·mol·

249 2007 311 2074 les
334 2005 484 2091 rigidae
506 2011 545 2069 et
563 2004 680 2075 durae
692 2003 918 2068 redduntur.

252 2171 257 2180 ’
313 2172 547 2236 ¹Ner'vorum
574 2177 611 2233 et
633 2169 898 2233 musculorum
921 2167 980 2231 vis
1003 2169 1211 2253 praecipue
1239 2160 1306 2234 de'-

250 2251 416 2350 liniunt,
436 2273 536 2338 unde
557 2272 662 2358 vitae
683 2271 870 2366 ‘animalis
891 2269 1108 2337 functiones
1131 2293 1223 2356 prae
1248 2295 1307 2336 ce·

252 2379 349 2443 teris
375 2369 676 2443 labefactantur.
700 2377 855 2442 Externi
877 2376 999 2461 igitur
1021 2397 1154 2442 sensus
1167 2415 1178 2451 ‚
1197 2377 1309 2442 audi-

252 2491 313 2548 tus
335 2487 398 2548 vel
410 2481 579 2544 maxime
596 2485 634 2543 et
645 2481 750 2557 visus
761 2521 771 2554 ‚
785 2501 897 2544 suum
917 2482 1110 2546 amittunt
1129 2495 1307 2562 acumen}

250 2589 461 2652 facultates
493 2584 648 2647 animae
679 2584 890 2666 pristinam
919 2586 1086 2668 perdunt
1117 2588 1310 2672 sagacita-

247 2697 332 2756 ‚tem
346 2714 356 2752 ι
371 2685 563 2752 memoria
579 2687 883 2773 praeteritorum
902 2708 1016 2772 saepe
1031 2709 1187 2774 magna,
1197 2713 1310 2776 prae·

250 2794 421 2859 sentium
452 2791 533 2856 fere
562 2789 693 2868 nulla'3
726 2810 870 2874 magna
901 2799 1056 2871 tamen,
1079 2796 1121 2859 in
1149 2796 1309 2862 senibus

251 2896 468 2984 prudentia·
483 2937 495 2971 ,
529 2901 645 2981 atque
675 2893 864 2976 iudiciuin
900 2897 1018 2980 longa
1038 2909 1045 2928 ⁸
1068 2901 1309 2982 experientia

246 3000 579 3088 'perfectumeubi
606 3001 802 3094 corruptio
822 3000 902 3084 jam
932 3004 1111 3069 imminet
1141 3008 1308 3090 corpori,

182 3109 183 3115 ’
254 3107 544 3172 intellectuales
557 3105 773 3169 ¹facultates
785 3109 1110 3194 'prosternuntun
1128 3107 1249 3183 adeo,'
1262 3115 1316 3177 nt.

131 3225 134 3232 “
251 3232 361 3282 senes
395 3211 608 3298 depontani
637 3211 857 3276 infantibus
888 3212 1033 3279 similes
1066 3215 1305 3297 reddantur,

253 3319 466 3384 imbecillis
489 3317 543 3382 sit
572 3315 696 3388 ratio,
719 3315 930 3382 et'an'imus
953 3317 1128 3402 puerilis.
1166 3325 1222 3386 Ob
1244 3323 1307 3386 vi-

251 3425 357 3490 rium
376 3421 571 3488 defectum
590 3419 719 3482 motus
740 3424 830 3484 sunt
848 3419 979 3502 tardi,
1000 3405 1306 3499 tremutanti-

252 3524 333 3602 Ιοε,ι
349 3527 388 3587 et
405 3523 494 3607 ipsa
515 3523 637 3587 etiarn
660 3519 815 3605 loquele
842 3522 935 3586 talis
958 3524 1145 3592 redditur.
1176 3529 1306 3611 Ipsam

186 3679 189 3692 .
252 3626 357 3692 hano
380 3625 590 3691 sentientes
611 3624 774 3691 seniculi
787 3623 1031 3694 debilitatem
1043 3674 1054 3706 ‚
1067 3630 1201 3696 animo
1215 3629 1307 3696 sunt

254 3728 420 3806 timido,
442 3735 480 3795 et
501 3729 611 3793 avari
646 3729 872 3813 plurimum.
897 3765 937 3782 ·-
961 3729 1151 3816 organica
1176 3738 1307 3802 autem

247 3837 339 3904 uita
355 3837 397 3902 in
414 3835 690 3902 functionibus·
703 3837 899 3922 plurimis,
909 3835 1060 3902 tardius
1081 3836 1236 3923 quidem
1262 3854 1307 3902 ac

248 3937 439 4006 animalis
451 3977 461 4013 ,
472 3941 743 4022 prosternitur.
760 3939 956 4006 Deficiunt
974 3939 1183 4006 ventriculi
1196 3939 1305 4002 'vires

255 4051 294 4112 et
318 4042 549 4109 secretiones
573 4043 753 4130 quaevis,
768 4044 869 4109 unde
890 4064 1025 4128 corpus
1047 4046 1149 4109 male
1177 4041 1306 4126 putri·

253 4150 339 4221 tur,
368 4149 413 4210 et
447 4147 629 4227 corrupta
667 4131 986 4212 materies‘haud'
1017 4141 1145 4210 debite
1175 4141 1307 4207 elimi-

252 4256 369 4318 natur
394 4269 657 4336 „senumque
700 4243 933 4338 perspiretio
980 4248 1304 4320 ammoniacalem

1179 4351 1304 4442 spirat
