2904 5004
286 355 329 422 8⁰
368 349 456 418 Lu.
465 347 513 415 11.
523 349 616 440 nse.
626 346 742 412 llus
761 357 850 410 sss.
870 311 970 412 tort.
983 349 1095 414 coar.
1108 361 1285 421 srsrnn.

577 487 626 558 11.
645 497 901 591 mersamine
924 503 1115 560 annosas.

685 696 691 706 ·
719 623 762 766 5.
808 675 880 744 1'26.

519 863 1114 970 Dispositiogeneralis.
1151 957 1154 972 Ι

305 1073 308 1082 ,
370 995 542 1076 Tunicae
564 1009 625 1076 sui
645 1009 821 1092 generis,
846 1027 945 1094 quae
965 1009 1176 1091 proprium,
1192 1011 1337 1076 consti-

287 1109 830 1194 tnnnt,utB10nanprimus
853 1110 986 1185 docuit
1015 1117 1208 1196 systema,
1238 1131 1340 1180 nna·

203 1219 205 1228 ’
289 1242 365 1309 qne
387 1219 590 1304 superficie
609 1237 785 1288 sarosum
806 1224 1029 1284 constanter
1054 1220 1241 1286 exhalant
1268 1242 1338 1286 va·
1435 1259 1436 1278 κ

287 1324 789 1408 porem·,m·embranae
811 1341 1010 1389 setosae
1030 1323 1224 1390 dicuntur.
1245 1325 1342 1390 Per·

287 1427 485 1498 tinentad
502 1433 677 1515 systema
689 1425 823 1518 ¹ist-hoc
836 1427 1112 1508 arachnoidaa,
1124 1429 1343 1512 pericerdi³

201 1556 211 1583 e
287 1551 378 1611 um,
399 1529 534 1615 pleura
546 1571 557 1607 ,
577 1531 870 1618 peritonaeum,
892 1531 1027 1594 tunica
1053 1532 1248 1616 vaginalis
1278 1539 1337 1597 te-

288 1638 431 1714 stium,
453 1643 490 1704 et
518 1636 747 1708 adnumerat
767 1635 815 1700 iis
848 1640 981 1699 auctor
1010 1642 1247 1701 memoratus
1266 1657 1334 1706 car

288 1723 420 1826 pbulas
437 1738 864 1823 tendineasvaginales,
878 1729 1340 1822 quascsl.ssrmes‘1urrs
1407 1775 1411 1784 ·
1436 1723 1437 1750 ¹

286 1831 1338 1931 bursasmnoosasdixit(capsula‘esynoviala's
1436 1877 1437 1892 π

285 1951 350 2039 Β).
371 1935 555 2035 Pleraque
577 1966 748 2032 organa,
769 1965 865 2034 qnae
886 1947 992 2014 intus
1023 1967 1182 2012 mucosa
1210 1949 1332 2019 vesti·

184 2119 186 2126 .
285 2059 405 2137 untur
425 2053 561 2118 tunica
578 2049 632 2133 (ς.
648 2051 738 2134 lto.)
753 2093 765 2127 ,
778 2047 1013 2114 extrinsecus
1026 2059 1196 2116 seros'am
1217 2069 1338 2135 oppo-

286 2156 403 2222 sitam
426 2154 575 2222 habent
596 2155 876 2220 membranam.
899 2155 943 2218 ln
971 2154 1131 2220 naribus
1164 2161 1298 2220 tamen
1326 2197 1339 2233 ,
1437 2227 1438 2234 ἵ

287 2261 330 2324 in
351 2278 446 2324 cavo
474 2258 576 2330 oris,
611 2257 653 2321 in
679 2256 883 2340 pharynga
913 2260 984 2319 eto.
1014 2249 1208 2340 oppositio
1238 2257 1339 2324 haec

287 2353 540 2435 desideratur,
554 2365 593 2424 et
607 2359 749 2448 dantur
763 2357 882 2423 etiam
892 2377 1041 2451 serosae
1054 2360 1208 2426 tunicae
1220 2355 1338 2441 (ara-

287 2463 497 2539 chnoidem
518 2462 815 2556 pariambum),
830 2477 925 2548 quae
944 2463 1140 2546 oppositas
1160 2483 1239 2528 non
1263 2464 1339 2528 ha·

286 2569 382 2640 bant
400 2587 578 2632 mneosas
599 2565 857 2631 membranas.
880 2565 1064 2650 Majo'rem
1096 2567 1246 2641 babent
1275 2589 1337 2632 se·

288 2692 396 2749 rosae
429 2673 676 2736 membranae
714 2671 833 2736 simul
858 2677 1011 2736 snmtae
1037 2673 1337 2750 extensionem,

289 2795 405 2861 quam
426 2783 597 2861 systema
614 2793 813 2838 mucosum
834 2781 874 2839 st
895 2782 1125 2852 cutaneum3
1148 2776 1336 2859 ipsaaau-

181 2925 190 2944 .
286 2885 368 2944 tem
385 2878 599 2962 singulares
620 2876 700 2959 ejus
726 2877 950 2962 systematis
971 2877 1168 2960 portiones
1200 2879 1338 2944 variae

286 2987 378 3046 sunt
399 2980 1094 3064 amplitudinis:peritonaeumlonge
1115 2981 1337 3049 maximnm
1438 3041 1439 3048 ,

275 3083 408 3150 babet
430 3083 644 3159 ambitum,
665 3085 941 3168 estqnetunica
955 3081 1149 3168 vaginalis
1171 3086 1337 3150 testium

288 3188 523 3260 extensionis
547 3187 745 3255 minimae.
768 3188 938 3271 Cingunt
958 3189 1111 3253 tunicae
1132 3188 1207 3253 hae
1220 3208 1335 3274 orga-

287 3312 340 3356 na
363 3283 542 3377 quaevis,
564 3313 634 3376 pro
654 3292 740 3356 vita
762 3289 1137 3356 individuasumms
1156 3311 1336 3358 necessa-

286 3393 371 3457 riae
392 3395 590 3458 cerebrum
610 3393 823 3458 medullam
858 3394 1072 3479 spinalem,
1092 3395 1332 3478 pulmones,
1395 3395 1409 3412 '

288 3517 378 3574 eor,
400 3497 555 3563 viscera
575 3495 854 3562 abdominalia.

348 3625 618 3702 .Constituunt
654 3649 802 3702 serosae
841 3640 1090 3704 membranae
1122 3646 1324 3724 separatas

283 3733 503 3824 portiones,
517 3758 614 3824 qnae
633 3759 760 3804 saccos
781 3739 952 3808 efficiunt
970 3743 1139 3829 undique
1163 3744 1327 3820 clausos,

276 3861 402 3910 smum
417 3849 483 3908 aut
503 3845 617 3927 plura
627 3846 776 3910 viscera
787 3847 829 3910 in
840 3869 880 3912 se
891 3849 1134 3913 continentes
1146 3889 1157 3924 ,
1170 3853 1208 3913 et
1230 3849 1330 3913 refe·

279 3953 376 4014 runt
395 3946 438 4011 hi
457 3947 558 4011 sacci
578 3947 720 4011 mitrae
742 3956 952 4014 nocturnae
986 3949 1027 4014 in
1053 3971 1092 4016 ss
1120 3952 1324 4016 revolutae

281 4049 469 4135 speciem,
495 4045 600 4131 cujus
622 4050 766 4135 pagina
788 4071 865 4116 nna
886 4053 1012 4136 ipsum
1034 4054 1152 4120 vestit
1173 4055 1328 4132 viscus,

280 4169 369 4216 oum
395 4151 518 4216 altera
538 4153 803 4236 conceptacnli
835 4155 995 4238 majoris
1029 4157 1174 4235 instar,
1203 4166 1246 4223 ut
1285 4157 1329 4222 in

277 4255 500 4342 pericardio
519 4255 737 4335 cernimus,
750 4259 878 4328 viscus
899 4259 985 4328 laxe
1004 4261 1138 4348 cingit·
1160 4259 1327 4336 Manife-

597 4362 604 4378 “
1267 4365 1327 4430 ste
