2832 4994
145 365 659 454 Sica-V.Dt.sctcsmc·1cr
679 383 850 458 saevam
870 351 1056 454 ‘sarman
1077 399 1141 466 349
1258 425 1261 432 Α

61 559 63 563 -
100 533 238 580 renum
259 523 297 580 et
316 513 1004 608 hepatis,substantiaparenchymati
1024 527 1143 594 inter·
1166 552 1168 558 ’

101 623 255 698 no‚sic
277 622 399 688 etiam
418 636 599 696 vasorum
622 629 659 687 et
691 626 778 689 tubi
805 628 1043 698 intestinalis
1080 641 1143 700 tu-

98 725 211 792 nicae
234 728 304 786 eto.
330 723 684 806 sibi'opponuntur.
708 727 881 812 Denique
895 730 1000 814 ipsae
1021 733 1143 800 etiam

98 823 330 892 sacrationes
354 825 486 910 variae
507 824 583 890 sibi
609 826 809 910 oppositae
831 830 1016 896 hactenus
1036 841 1140 912 sunt,

99 933 146 992 ut
166 927 344 990 humores
361 927 499 990 secreti
519 926 584 989 hic
613 929 801 1014 oxygenio
833 937 870 1008 et
901 932 998 997 alibi
1026 937 1142 1018 phlo-

97 1031 239 1116 gistico
262 1016 481 1125 abundent,
500 1034 539 1095 et
558 1029 731 1094 videmus
752 1033 986 1112 peculiarem
1009 1038 1143 1122 vigere

99 1136 204 1200 inter
239 1151 383 1216 organa
405 1133 614 1198 secretoria
645 1127 876 1234 antithesin,
901 1127 1164 1250 consensurus

98 1231 392 1326 sympathiam,
420 1242 535 1320 atque
561 1230 751 1300 vicariam
783 1231 1001 1308 officiorum
1032 1227 1141 1327 pote:-

99 1349 264 1416 statem,
284 1359 380 1425 quae
400 1336 554 1424 quidem
576 1337 796 1423 dynamico·
798 1342 1038 1424 galvanicam
1049 1367 1139 1432 pro
1183 1421 1186 1426 ,

101 1445 200 1518 dunt
221 1438 433 1528 organismi
460 1439 642 1506 animalis
665 1445 790 1526 potest
794 1449 910 1511 atem.
1187 1448 1190 1456 '

184 1613 228 1696 3)
249 1597 386 1676 Adesse
407 1573 776 1676 eiectromotorios
765 1629 806 1675 m
829 1611 1044 1698 organismo
1055 1616 1142 1684 ani·

75 1715 198 1782 ‘mali
218 1718 448 1798 apparatus,
472 1712 718 1793 excitatores,
740 1715 1086 1786 semiconductores
1100 1727 1141 1787 et

99 1820 365 1900 separatores,
397 1818 442 1878 ut
476 1803 589 1878 varie
615 1813 822 1878 ostendunt
855 1817 1137 1898 phaenomena.

12 1959 13 1962 =
99 1917 252 1988 Etenim
278 1909 359 2000 ipse
379 1937 542 1993 nervus,
565 1935 649 1980 cum
672 1919 841 1982 musculo
863 1918 1138 1986 incontactum

100 2021 252 2107 positus
275 2017 328 2102 (t.
358 2021 479 2108 aglo),
509 2019 623 2083 istius
653 2017 811 2086 suscitat
846 2023 1141 2098 contractiones.

100 2125 261 2190 Constat
282 2123 370 2216 dein
390 2122 724 2188 observationibus
745 2123 932 2188 animalia
961 2125 1110 2200 diverse
1121 2165 1137 2206 ,
1258 2127 1277 2140 ”

97 2247 248 2316 mures,
267 2227 386 2306 feles,
405 2227 522 2311 glires
542 2230 612 2290 etc.
635 2230 679 2290 ut
704 2229 910 2304 cornero,
936 2229 1132 2296 =vassalos

97 2327 170 2400 etc.¹
188 2326 336 2413 expe'rti
362 2335 478 2406 sunt,
501 2331 698 2395 electrices
720 2345 831 2414 saepe
853 2333 1036 2406 suscitare
1047 2355 1132 2400 suc·
1210 2321 1213 2333 ’

96 2433 315 2511 cursiones,
332 2432 401 2498 ubi
416 2430 591 2499 ¹diversae
611 2431 729 2496 simul
740 2434 986 2518 attinguntur
999 2456 1134 2504 aarum

95 2537 313 2601 bestiarum
334 2539 462 2617 partes
485 2533 543 2619 a),
565 2534 733 2607 Maxime
752 2541 881 2604 autem
901 2521 1068 2620 produnt
1087 2561 1133 2606 ea

98 2643 371 2724 phaenomena·
381 2637 502 2722 pisces
515 2638 712 2713 auctrici,
734 2638 831 2724 Raja
852 2642 1035 2724 torpedo,
1049 2644 1135 2729 ›Gy-
1216 2655 1217 2660 ’

95 2751 251 2810 mnotus
264 2743 463 2808 electrices
475 2783 486 2816 ,
500 2743 646 2807 Silurus
662 2737 863 2814 eiectricua
872 2787 883 2821 ,
893 2747 1087 2812 Tetrodon
1101 2753 1140 2812 et
1243 2789 1245 2795 ·

5 2879 6 2882 =
93 2835 321 2906 Trichiurus
341 2842 390 2928 b)
403 2887 414 2920 ,
437 2841 502 2928 qui
522 2843 755 2908 testantibus
768 2845 1041 2924 compluribus
1063 2867 1135 2910 na-

4 2981 6 2992 ι
93 2951 208 3010 turae
230 2931 506 3010 scrutatoribus
538 2946 756 3012 electricam
786 2942 1036 3012 efficientiam
1068 2970 1139 3016 vo·

5 3095 6 3106 ,
90 3048 263 3133 luntarie
283 3045 513 3130 explodunt,
535 3043 811 3114 contrectantis
840 3051 1015 3136 membra
1049 3069 1138 3120 suc·

93 3153 434 3239 cutiunt,aliaque
456 3153 574 3220 edunt
596 3156 794 3219 columnae
813 3154 998 3235 Voltanae
1017 3146 1137 3240 phae-

4 3315 5 3318 ,
91 3256 393 3331 nomena,·licet
429 3258 764 3332 electrometrum,
784 3260 828 3320 ut
857 3258 1072 3324 Huueonnr
1098 3267 1137 3328 et

4 3385 5 3396 ¹
87 3359 130 3423 P.
160 3355 478 3423 communesne
502 3366 794 3452 pompersrunt,
815 3359 920 3424 haud
954 3370 1138 3429 moveant

91 3461 147 3546 c).
169 3462 368 3554 Pertinent
387 3463 462 3529 huc
477 3470 521 3529 ¹et
534 3484 578 3528 ea
590 3463 878 3550 phaenomena,
892 3481 989 3548 quae
1009 3473 1137 3532 osten-

4 3611 5 3614 ¹
92 3561 224 3648 dunt,
250 3563 540 3630 electricitatem
570 3566 676 3630 intra
704 3565 968 3650 organismum
996 3568 1135 3634 huma·
1165 3599 1170 3612 ·
1233 3584 1237 3605 ³

87 3683 184 3730 num
208 3665 466 3731 evolvissunt
492 3665 596 3732 enim
627 3665 803 3732 homines
837 3663 1045 3748 nonnulli,
1066 3673 1135 3756 qui
1216 3729 1219 3740 .

86 3760 280 3834 scintillas
300 3768 418 3833 edunt
440 3769 660 3849 electrices,
683 3785 769 3832 cum
803 3767 925 3832 crines
954 3777 1136 3852 pectunt,

88 3871 155 3935 vel
178 3891 312 3954 corpus
334 3873 490 3956 propria
510 3877 642 3955 terunt
662 3891 803 3946 manu,
829 3883 870 3940 et'
886 3871 1025 3940 dantur
1049 3879 1133 3956 alii,

90 3970 159 4057 qui
178 3976 417 4055 separatorio
440 3975 645 4058 apparatui
675 3973 869 4062 (insulae)
892 3977 1037 4041 diutius
1071 3982 1132 4043 in-

90 4073 259 4146 sidentes
283 4073 453 4142 electric'i
471 4077 595 4153 fiunt,
617 4075 729 4162 adeo„
754 4083 797 4140 ut
816 4082 1024 4146 manifesta
1045 4081 1134 4168 pro'·
1231 4123 1234 4127 -

90 4180 189 4246 dant
208 4183 354 4247 liberae
374 4179 612 4247 efficientiae
632 4179 792 4258 indicia.
1001 4199 1006 4252 ·,
