2920 4998
273 401 334 476 184
354 351 599 468 creature.
621 363 843 462 Ituraeis.
865 407 963 458 aun.
977 407 1087 458 corr.
1101 409 1271 462 serrem.

514 497 763 606 'ltsvsrersa
784 547 1060 603 caesaraeum.

714 733 745 804 §-
793 741 863 806 179·

488 864 1091 1012 Dispositiogeneralis.

318 1090 320 1101 ¹
350 1083 555 1164 Comperto
576 1083 641 1166 eo,
654 1073 756 1160 quod
780 1074 904 1160 aliqui
925 1073 1063 1139 dantur
1083 1073 1127 1138 in
1148 1075 1315 1142 animali

266 1165 424 1270 corpore
457 1171 609 1262 nervis·
622 1181 688 1268 qui
717 1179 988 1264 impressiones
1015 1199 1100 1244 suas
1132 1177 1174 1244 in
1205 1187 1314 1248 statu

265 1287 436 1351 normali
456 1284 505 1350 ad
523 1281 779 1348 conscientiae
798 1283 923 1346 locum
954 1281 1059 1346 haud
1079 1289 1315 1368 propagant,

263 1410 336 1454 nec
368 1389 530 1455 musculi
551 1430 573 1463 ,-
590 1386 728 1454 iisdem
757 1388 937 1472 provisi,
968 1385 1123 1454 animae
1157 1377 1314 1454 subsirit

262 1493 454 1577 imperio,
472 1497 514 1558 et·
528 1481 674 1562 multae
696 1493 774 1556 sint
793 1493 934 1582 vitales
954 1493 1198 1570 functiones,
1215 1513 1316 1581 quae

262 1605 478 1682 spontanea
497 1597 709 1672 activitate,
721 1603 760 1666 et
777 1598 859 1662 sine
876 1597 1083 1662 manifesto
1105 1614 1217 1662 sensu
1227 1615 1317 1682 per·

255 1681 435 1786 ‘aguntur
448 1745 462 1779 ,
482 1707 571 1785 post
589 1701 728 1766 fflaud.
752 1700 833 1764 Nic.
858 1701 894 1763 le
921 1701 999 1764 Car
1024 1701 1085 1782 (ς.
1110 1717 1163 1783 32.
1186 1721 1224 1764 n.
1244 1703 1314 1788 3.)

262 1806 393 1890 plnres
424 1804 668 1882 crediderunt
697 1802 946 1889 physiologi,
968 1804 1128 1888 ganglia
1159 1809 1198 1868 et
1227 1804 1313 1888 ple·

262 1928 333 2004 xus
359 1931 566 1982 nervorum
584 1910 663 1992 ejus
683 1908 943 1993 phaenomeni
965 1907 1200 1974 constituere
1219 1929 1311 1974 cau·

151 2048 156 2069 ,
261 2028 373 2077 sam:
407 2014 665 2094 sensationem
700 2032 838 2096 nempe
869 2016 906 2074 et
938 2009 1061 2074 animi
1095 2011 1309 2096 impulsum

260 2113 312 2180 iis
331 2132 545 2182 nervorum
566 2114 929 2200 complicationibus
947 2113 1129 2198 intercipi
1151 2116 1206 2200 ·).
1237 2115 1310 2176 Cu-

260 2221 368 2286 riosa
397 2222 480 2286 loh.
513 2221 571 2284 Fr.
603 2217 1307 2299 Macram,Joh.Gott1.wmrsnr

179 2359 200 2406 3
259 2328 301 2386 et
320 2324 487 2388 aliorum
508 2310 766 2387 recentiorum
788 2321 1094 2414 anatomicorum
1116 2319 1307 2402 pervesti-

261 2426 420 2509 gatione
447 2427 599 2492 fabrica
630 2445 861 2501 nervorum,
894 2425 1058 2505 internis
1093 2424 1306 2489 visceribus

259 2526 586 2605 inservientium
608 2529 769 2606 uberius:
792 2527 968 2594 innotuit
999 2526 1085 2610 “);
1115 2527 1207 2591 Xav.
1237 2527 1307 2592 B1·
1418 2573 1423 2582 ·

260 2646 364 2710 canc
386 2633 535 2716 primus
549 2640 680 2698 tamen
699 2633 797 2705 suit,
819 2633 885 2716 qui
904 2634 1148 2719 ,apparatum
1169 2649 1304 2694 nerve-

259 2751 349 2809 um,
370 2734 475 2800 vitae
504 2738 708 2822 organicae
732 2736 993 2819 praefectum,
1021 2735 1208 2818 tanquam
1238 2752 1303 2819 sy·

258 2843 385 2904 stema
413 2840 612 2923 proprium
643 2843 681 2902 et
709 2825 923 2922 sejunctum
957 2855 980 2898 a
1001 2827 1210 2918 systemate
1244 2854 1304 2897 ce-

256 2941 438 3018 retesti,
474 2943 678 3008 constituit
712 2945 769 3030 a).
801 2942 1050 3004 Illustrat-unt
1083 2937 1303 3002 doctrinam

255 3043 356 3110 hanc
376 3047 451 3109 Cel.
471 3051 732 3112 Aurenarara
754 3045 825 3130 b),
856 3044 1036 3106 Eunonen
1067 3041 1133 3125 c),
1156 3046 1194 3104 et
1216 3040 1304 3123 plu-

256 3167 316 3212 res
355 3148 447 3224 alii3
475 3151 689 3238 plurimum
723 3154 854 3212 autam
891 3147 992 3210 hanc
1024 3142 1300 3231 physiologiae

256 3255 408 3334 partem
431 3252 506 3315 Cel.
530 3253 631 3314 Rau
655 3249 912 3334 locupletavit
936 3248 996 3335 d).

342 3412 557 3477 Constituit
590 3419 837 3499 systema
868 3413 1208 3498 gangliorurn
1242 3435 1300 3478 se·

253 3514 353 3582 siem
376 3535 605 3608 nervorum,
628 3517 670 3580 in
688 3520 821 3598 plexus
840 3517 1025 3598 plurimos
1058 3517 1303 3600 complicato-

254 3609 369 3695 rum,
392 3619 602 3708 multisque
620 3615 787 3704 gangliis
809 3620 1136 3704 interceptarum,
1158 3638 1302 3704 perque

241 3720 351 3790 draeo
373 3741 395 3782 a
414 3729 623 3807 systemate
646 3723 835 3788 cerebrali
857 3721 1128 3806 sejunctorum.
1150 3723 1302 3804 Duplex

255 3825 398 3910 quippe
428 3829 673 3914 gangliorum
705 3831 870 3900 catena,
905 3831 980 3912 qua
1012 3829 1136 3890 latera
1167 3825 1302 3910 spinae

257 3926 363 3992 dorsi
397 3931 614 4016 stipantur,
635 3951 731 4016 quae
764 3929 949 3994 circulum
978 3932 1123 3995 format
1155 3928 1303 4013 ellipti-

147 4025 150 4036 '
257 4050 345 4095 cum
358 4078 369 4113 ,
392 4035 555 4119 superne
576 4035 735 4118 ganglia
758 4035 938 4098 cervicali
959 4027 1159 4117 supremo,
1182 4039 1221 4096 et
1242 4034 1304 4097 in-

254 4135 376 4204 serius
398 4155 585 4222 coccygeo
607 4138 802 4210 clausurn,
823 4138 992 4202 limitem
1018 4135 1166 4213 efficit,
1189 4155 1301 4220 orga-

252 4239 383 4308 airum
416 4264 440 4307 a
471 4241 658 4308 sensifero
688 4261 901 4308 nervorum
932 4247 1142 4330 systemate
1173 4238 1302 4326 sejun-
