2904 5004
277 425 338 498 148
359 409 840 514 Lm.11.csr.11.'nusm7
862 423 1273 479 conscensionem.

167 619 174 633 .
279 563 482 633 volumus,
511 555 740 640 sanguineas
774 554 1001 620 secretiones
1024 556 1109 620 sina
1137 557 1319 620 immedi-

275 672 343 733 ata
359 681 540 730 vasorum
559 679 692 726 eorum
715 659 984 726 communione
1005 659 1176 727 accidere
1193 681 1318 746 posse.

359 825 403 914 a)
421 822 646 918 Transitum
667 822 901 908 arteriarum
921 822 963 886 in
986 843 1079 888 vasa
1100 823 1319 908 lymphati-

277 949 322 994 ca
342 931 449 1012 Oasp.
469 929 773 1002 assensimus,
794 929 1067 1004 Boamcrsros,
1088 931 1175 991 Ant.
1201 928 1319 1003 Nutu,

275 1036 489 1100 Cowruaos
513 1038 551 1095 at
572 1031 700 1114 plures
721 1029 792 1094 alii
812 1031 991 1095 viderunt
1012 1028 1206 1115 d),a‘tque
1228 1051 1320 1114 pro·

276 1135 365 1217 pria
385 1135 503 1198 etiam
526 1134 791 1218 experimenta
811 1133 1113 1209 confirmarunt,
1135 1133 1252 1208 adeo,
1275 1140 1321 1200 ut

278 1235 459 1300 dubitare
477 1235 523 1299 de
553 1255 621 1319 eo,
648 1235 742 1300 licet
776 1236 859 1300 cell.
895 1240 1092 1320 opponant
1117 1235 1217 1314 viri,
1238 1257 1319 1304 non

277 1342 485 1426 possimus.

249 1560 253 1572 .
360 1503 403 1590 5)
425 1501 572 1567 Surculi
595 1501 826 1567 arteriarum
849 1505 981 1565 tenues
1002 1498 1044 1564 in
1061 1519 1154 1565 vasa
1175 1500 1324 1568 abeunt

280 1606 525 1682 exhalantia,
551 1624 647 1693 quae
673 1625 853 1690 vaporem
875 1605 1059 1672 exhalant
1091 1603 1322 1669 cellularum

279 1703 332 1786 (ς.
355 1707 456 1789 114.),
476 1706 792 1771 membranarum
825 1718 1040 1770 serosarum
1063 1701 1084 1785 (
1098 1710 1125 1782 §-
1157 1705 1260 1788 127·)
1284 1709 1323 1770 et

108 1822 113 1830 '
192 1842 196 1853 =
280 1807 571 1893 superficierum
604 1827 860 1874 mucosarum.
891 1803 1076 1872 Videntur
1107 1813 1236 1872 autem
1257 1832 1321 1875 ex·

279 1913 459 1978 halantia
478 1915 634 1978 vascula
655 1914 789 1979 eadem
815 1935 913 1989 esse,
939 1933 1035 1998 quaa
1058 1910 1080 1993 (
1090 1920 1117 1992 ς.
1136 1916 1175 1978 h.
1198 1937 1235 1978 n.
1254 1919 1320 2004 2.)

278 2018 675 2085 commemoravimus.
710 2017 792 2082 Non
824 2025 955 2083 tamen
987 2015 1209 2082 verosimile
1240 2025 1319 2094 est,

165 2171 169 2180 .
276 2103 421 2186 finibus
441 2122 584 2206 apertis
606 2117 833 2186 exhalantia
852 2095 984 2206 phtere
1007 2141 1121 2200 vasa3
1140 2123 1322 2190 videntur

277 2223 407 2308 potius
427 2226 557 2308 porosi
574 2226 818 2306 vasculorum
838 2227 1005 2310 parietes
1026 2223 1212 2311 'vaporem
1233 2203 1326 2292 euni

279 2327 558 2393 transmittere.
592 2328 793 2410 similibus
820 2330 983 2393 vasculis
1004 2331 1200 2396 exhalatio
1222 2329 1323 2396 acci-

280 2427 343 2492 dit
360 2428 653 2503 humorumain
680 2431 800 2496 bulbo
828 2432 928 2521 oculi
950 2439 988 2497 et
1021 2434 1125 2499 auris
1149 2433 1322 2519 labyrin-

280 2531 351 2600 tho
373 2538 656 2599 contentorum.
703 2519 714 2535 ’

382 2697 411 2769 0)
428 2693 599 2752 nanctus
617 2693 664 2751 ΕΙ.
680 2693 767 2770 phys.
782 2693 807 2753 1.
818 2712 852 2770 p.
866 2694 912 2768 9³·

383 2847 426 2920 ⁰⁸)
438 2847 514 2908 ibid.
530 2866 560 2921 p.
574 2848 620 2920 oi.
634 2843 984 2922 sq.-1²nocnlsna=
996 2846 1033 2902 de
1045 2846 1226 2922 orgauhmo.
1239 2845 1269 2922 ς.
1278 2847 1322 2922 ³5·

295 3039 298 3044 .
382 2995 413 3064 ι)
430 2992 583 3048 HALLER
601 2989 677 3047 ibid.
694 3009 726 3066 p.
743 3005 788 3064 9¹·
804 3005 852 3062 sq.

382 3135 416 3205 h)
434 3134 577 3210 Speciosa
595 3133 717 3204 quidem
732 3143 813 3202 sunt,
840 3149 917 3207 quaa
935 3123 1001 3195 cel.
1024 3135 1233 3194 wlcnflsnn
1257 3141 1325 3212 (das

348 3223 538 3296 Haulsystem
559 3242 591 3297 p.
618 3237 664 3294 71.
685 3225 745 3296 sq.)
770 3223 808 3278 (le
830 3221 961 3278 vasculis
983 3223 1113 3280 minimis
1146 3227 1243 3297 ‹licit3
1263 3247 1325 3284 non

348 3321 448 3368 tamen
464 3320 599 3365 nostrum
615 3309 760 3380 praebere
790 3325 948 3383 possumus
976 3329 1176 3380 consensum,
1199 3332 1266 3370 cum
1283 3317 1326 3372 ti-

350 3397 412 3462 οἰκ,
430 3412 530 3452 omnes
547 3396 673 3458 arterias
690 3395 721 3450 in
744 3397 875 3469 partium
898 3399 1065 3454 substantia
1091 3401 1204 3457 resolvi
1224 3414 1255 3458 et
1275 3424 1326 3480 pe.

351 3487 433 3542 nitus
450 3484 622 3560 disparere,
640 3501 732 3540 venas
748 3485 828 3562 ipsas
843 3503 899 3560 par
921 3487 1093 3544 continuam
1107 3495 1327 3569 metamorphc·

348 3577 396 3630 sin
422 3573 574 3646 generari,
593 3573 750 3648 ipsumque
781 3590 926 3630 venosum
951 3578 1124 3648 sanguinem
1145 3595 1201 3656 per
1228 3583 1325 3658 lique·

350 3665 513 3722 factionem
528 3664 658 3736 partium
682 3663 846 3720 solidarum
872 3664 984 3738 parari.
1007 3667 1082 3746 Quis
1101 3671 1180 3726 enim
1206 3673 1263 3728 liae
1279 3693 1327 3730 ra·
1439 3665 1440 3672 ἵ

349 3757 433 3812 tione
456 3752 593 3828 rapidum
620 3751 774 3824 sanguinis
803 3753 953 3828 intelliget
985 3757 1168 3814 circuitum?
1191 3763 1239 3816 vel
1264 3773 1326 3820 tam

350 3848 413 3902 cito
438 3843 549 3900 accidit
571 3843 737 3900 solidorum
768 3851 798 3898 et
821 3843 981 3901 fluidorum
1004 3849 1272 3925 metamorphosis,
1291 3864 1326 3908 ut

349 3935 528 4012 liquefactas
544 3945 646 4008 partes
663 3932 699 3988 de
713 3950 789 3988 vena
805 3933 898 3990 liuere
907 3937 944 3990 ad
959 3949 1083 4022 stoream
1094 3957 1189 4015 usque
1203 3943 1324 4002 cernas?

252 4105 285 4124 ··
386 4085 417 4156 a)
435 4080 589 4138 HALLER
603 4081 626 4136 l.
646 4097 675 4137 cs·
690 4099 723 4156 p.
740 4093 784 4154 99.
801 4107 836 4125 -·
852 4082 885 4154 tl)
901 4081 976 4147 ibid.
991 4103 1023 4162 p.
1045 4086 1107 4152 108,
