2904 5004
273 391 344 455 -ιόι
368 383 513 454 Inruit.
533 379 681 451 canit.
695 381 762 448 -Dn
776 394 866 446 ssu.
881 395 980 450 nou.
993 393 1105 445 conr.
1120 338 1284 445 srssnls.
1304 353 1324 380 '

273 535 334 594 tos
354 535 422 593 aut
442 547 558 592 senes.
581 511 800 590 insedibus
821 545 914 590 vasa
936 525 1186 590 absorbentia
1205 544 1322 590 coan-

206 663 209 668 ·
274 637 508 715 gustantur,
542 636 579 696 et
617 629 798 698 videntur
837 627 1007 710 plurima
1039 645 1124 690 cum
1165 627 1324 692 arteriis

274 731 543 798 subtilioribus
566 716 616 816 (i.
631 733 724 817 156.)
740 735 979 796 concresters
991 733 1030 818 s)
1044 753 1054 810 3
1068 733 1176 816 ipsae
1198 731 1322 798 etiam

272 826 765 922 glandulae'lymphaticae
778 879 790 911 ,
811 835 978 897 testante
1004 835 1042 898 M
1055 854 1077 896 a
1089 857 1105 900 s
1119 853 1137 900 c
1152 857 1173 898 a
1187 855 1247 920 gn
1261 838 1322 912 io,

272 939 474 1002 volumine
495 937 744 1011 minuuntur,
767 937 1063 1017 complanantur
1092 943 1131 1001 et
1149 939 1323 1002 reddun-

161 1031 166 1056 ’
272 1047 339 1106 tur
375 1059 552 1103 exsuccos
590 1039 665 1126 Μ)
703 1037 933 1104 Waltero
966 1041 1211 1109 Berolinenss
1251 1046 1325 1128 a),

271 1143 573 1230 Ruyschio
610 1147 647 1206 et
675 1144 889 1206 Hallero
927 1144 969 1226 b)
1002 1145 1326 1225 observantibus,

275 1248 484 1332 glandulae
505 1246 740 1310 mesaraicas
766 1247 807 1309 in
827 1246 981 1312 senibus
1011 1252 1321 1332 contrahuntur,

275 1370 387 1436 saepe
410 1354 684 1426 obstruuntur,
706 1355 773 1415 aut
793 1351 1046 1416 destruuntur
1065 1355 1232 1435 penitus.

276 1493 690 1576 Quemadmodum
715 1491 927 1610 organismi
947 1491 1144 1560 inferioris
1167 1495 1320 1562 ordinis

272 1598 457 1673 maiorem
486 1600 633 1662 habent
664 1595 977 1682 reproductivam
1009 1598 1091 1662 vim
1123 1595 1184 1680 (ς.
1208 1601 1320 1688 80),

272 1698 331 1766 ita
351 1707 388 1764 et
408 1722 500 1764 vasa
519 1701 784 1786 lymphatica,
807 1719 867 1784 qu
859 1721 901 1762 aa
925 1693 972 1762 ad
995 1701 1251 1786 simpliciores
1282 1711 1324 1770 et

273 1803 400 1868 minus
420 1803 608 1886 periectas
626 1804 825 1888 pertinent
845 1796 1018 1886 organici
1040 1803 1209 1888 corporis
1231 1827 1321 1890 par·

272 1903 578 1991 tes(§17o.‚)
598 1905 797 1978 fac1le,et
820 1904 975 1988 quidem
1007 1924 1073 1986 per
1104 1905 1322 1990 elongatio·

272 2023 360 2070 nem
382 2004 573 2073 laesorum
593 2027 815 2082 ramorum,
833 2005 1066 2091 polyporum
1089 2005 1236 2086 instar,
1257 2031 1317 2074 ra·

270 2108 548 2194 producuntur.
571 2103 772 2174 Pauciores
795 2109 927 2173 ta'men
949 2115 986 2172 ot
1007 2110 1169 2175 subtiles
1184 2111 1319 2176 admo·

273 2210 389 2274 dum
379 2231 419 2274 ιιι
441 2210 671 2273 cicatrisatis
691 2210 866 2294 partibus
886 2229 1015 2274 eorum
1037 2217 1321 2302 vasorumfor·

271 2319 428 2378 mantus
448 2312 570 2388 rami,
590 2313 689 2377 unde
713 2333 782 2378 nec
813 2315 928 2380 facilc
960 2319 1149 2383 mercurio
1176 2322 1320 2403 repleri

218 2485 220 2498 ,
272 2421 443 2500 possunt.
488 2417 643 2479 Ponitus
682 2417 916 2500 exstirpatae
955 2425 1023 2483 aut
1053 2422 1133 2485 alia
1167 2413 1321 2488 rationo

274 2509 495 2583 consumtus
515 2521 781 2606 lymphaticus
800 2505 1023 2606 glandulae,
1038 2527 1143 2592 velut
1162 2529 1320 2596 altioris

274 2621 525 2705 perfectionis
549 2622 752 2706 organicas
782 2632 932 2708 partes,
954 2646 1153 2713 nunquam
1185 2650 1319 2760 ropro-

280 2724 510 2788 ducuntur.

376 2887 404 2954 ⁰)
423 2883 601 2940 SEILER:
593 2903 625 2938 ιιι
637 2883 733 2937 REIL
736 2883 755 2938 S
769 2884 895 2944 Archiv.
906 2886 957 2943 vl.
970 2905 1002 2962 p.
1020 2904 1081 2964 109.
1099 2907 1145 2963 sq.

379 3037 422 3107 M)
436 3035 544 3091 Versio
560 3033 767 3104 Ludwiglana·
785 3051 815 3108 Ρ·
832 3031 879 3094 5⁰·
975 3043 979 3052 ’

371 3187 406 3255 a)
424 3153 539 3239 Trlsur
551 3181 580 3236 la
594 3187 725 3252 resorpt.
744 3178 775 3233 in
793 3179 883 3246 Mc'm.
898 3176 936 3236 de
947 3180 1057 3240 l'slcsd.
1075 3182 1107 3248 d.
1125 3183 1175 3243 Sc.
1194 3187 1315 3256 Berlin:

338 3291 366 3331 a.
388 3274 533 3342 ¹78⁶-870

343 3426 378 3496 b)
394 3424 440 3478 El.
462 3420 547 3496 phys.
567 3417 593 3478 1.
609 3436 642 3494 p.
658 3433 716 3492 191'.
773 3379 778 3402 ι

720 3597 750 3666 ς.
798 3607 867 3671 172.

546 3775 721 3842 Status
754 3778 1030 3848 abnormis·
1198 3741 1229 3778 'l

351 3941 493 4019 vitales
522 3935 812 4005 absos-beatium
843 3963 1024 4008 vasorum
1053 3943 1312 4031 proprietates

272 4045 325 4135 (t.
348 4049 442 4132 170.)
464 4043 626 4125 exaltari
640 4045 843 4110 astimulis
863 4049 983 4112 variis
1002 4049 1119 4114 facile
1138 4061 1311 4136 possunt3

269 4157 446 4222 videmus
468 4150 560 4213 hinc
578 4171 669 4214 vasa
691 4152 784 4215 haec
804 4173 826 4216 a
848 4155 1083 4224 laesionibus
1112 4163 1311 4226 mechani·⁴
1390 4186 1394 4198 ·

272 4261 346 4340 cis,
370 4262 541 4344 resorpto
565 4256 717 4334 icharo,
737 4263 780 4322 ut
809 4259 852 4322 in
883 4263 1076 4360 ulceribus
1100 4265 1308 4354 malignis,
1434 4317 1435 4330 ,

1436 593 1438 644 l
