2902 4996
271 327 420 460 sollus.
432 370 480 448 11,
503 373 595 440 cer.
608 369 672 440 111.
692 372 884 436 lucrrsu.
905 383 1261 436 astructorem.

332 517 419 590 Post
438 517 580 584 multas
604 516 702 580 alies
725 515 770 578 de
801 514 981 580 electrica
1000 514 1174 588 materia
1205 510 1291 595 opi-

251 621 385 694 niones
397 663 407 696 ,
427 620 591 703 plurimi
610 619 729 684 hodie
754 621 936 683 statuunt
952 623 1116 683 naturae
1148 622 1297 684 scrute-

252 733 376 800 tores‚
400 726 653 792 efficientiam
674 726 774 788 hanc
796 725 1039 810 materialem
1058 725 1165 808 haud
1187 747 1293 802 esse,

251 811 770 899 nerum‘menilestationem
792 829 1029 910 peculiarem
1052 828 1201 896 virium
1233 837 1295 895 et·

252 935 510 999 tractivarum
555 939 593 996 et
622 931 932 1014 repulsivarum,
964 934 1040 998 luci
1058 914 1091 1010 ‚f
1104 934 1227 1000 calori
1257 941 1299 1001 et

252 1041 513 1122 magnetismo
542 1037 726 1101 similem.
760 1037 936 1120 Pugnant
965 1045 1095 1103 eutem
1121 1057 1190 1121 pro
1219 1040 1294 1104 heo
1332 1039 1336 1048 ’

249 1143 442 1218 sententie
474 1146 701 1226 argumenta
742 1139 888 1223 plura:
921 1143 1063 1218 transit
1106 1143 1212 1214 enim
1254 1165 1295 1209 e-

251 1245 483 1326 electricitas
502 1265 569 1327 per
594 1243 925 1329 corpora,quibus
945 1245 1096 1308 nullam
1119 1245 1180 1310 sui
1201 1264 1298 1330 que-

251 1347 404 1411 litatem
436 1347 637 1431 impertit‚
668 1346 790 1415 solam
830 1353 983 1410 mutans
1018 1347 1297 1430 superficiems

250 1450 442 1531 percurrit
463 1449 591 1533 spatie
624 1450 821 1551 ingentia,
851 1447 964 1512 modo
994 1449 1156 1514 idoneus
1187 1448 1293 1514 adsit

237 1549 486 1636 ‘conducton
507 1573 658 1634 summa
683 1573 768 1628 cum
801 1554 1017 1633 celeritater
1049 1561 1154 1622 ceret
1182 1555 1294 1627 omni

250 1658 417 1739 pondere
466 1659 539 1746 );
576 1657 741 1742 denique
780 1678 847 1759 per
885 1677 923 1720 se
973 1677 1170 1744 nunquam
1211 1657 1291 1721 exi·

252 1759 323 1822 stit
342 1800 353 1834 ‚
380 1777 512 1822 verum
543 1758 786 1850 proliciture
822 1759 1046 1841 corporibus
1074 1761 1143 1822 sub
1178 1759 1294 1838 certis

251 1859 577 1966 circumstantiis,
607 1861 775 1962 pondere
804 1881 935 1944 οοιιιιιι
964 1859 1069 1931 haud
1097 1861 1293 1928 diminuto

255 1966 331 2051 M)

328 2088 474 2172 Differt
499 2091 779 2172 electricltae'a
800 2094 928 2158 celere
948 2093 1074 2162 modis
1093 2092 1291 2180 sequenti-

246 2191 317 2256 bus
328 2219 338 2256 ·.
351 2195 448 2280 legit
468 2195 787 2282 illasuperficiem
806 2196 960 2262 tantum
974 2218 1176 2282 corporum
1188 2216 1291 2276 ,curn

244 2298 319 2376 iste
340 2301 521 2366 intimem
540 2310 719 2388 penetrat
744 2324 968 2390 compagem
979 2345 990 2390 2
1001 2304 1096 2378 adeo
1107 2349 1118 2384 ,
1129 2309 1172 2367 ut
1185 2303 1292 2365 calor

249 2423 295 2484 ee
325 2406 532 2488 recipiatur
563 2407 840 2490 proportione,
872 2427 947 2491 que
976 2407 1061 2492 ipse
1090 2428 1128 2482 se
1168 2405 1290 2468 habet

248 2523 398 2594 messem
422 2526 506 2583 curn
528 2507 759 2581 electricites
783 2507 1003 2592 superficiei
1025 2507 1202 2590 sequitur
1228 2527 1292 2571 ex.-

251 2609 491 2686 tensionem3
510 2610 671 2682 metella
690 2609 860 2696 oxydata
871 2651 881 2684 ‚
905 2631 1001 2697 quee
1023 2609 1209 2694 majorem
1221 2610 1305 2673 he·.

251 2711 345 2776 bent
359 2711 498 2774 caloris
513 2713 793 2794 capacitatem,
813 2713 942 2776 minus
972 2711 1189 2777 conducunt
1215 2711 1293 2775 ele·

202 2887 206 2903 x
249 2812 380 2876 ctricit
366 2818 508 2900 tatem,
541 2817 578 2878 et
600 2813 746 2896 habent
775 2836 814 2879 se
843 2815 999 2878 inverse
1028 2814 1179 2894 ratione
1211 2833 1292 2876 me·

247 2915 347 2996 talla
380 2916 646 2998 regulina-
604 2898 898 3001 -00ngrlris
890 2899 1031 2995 iterum
1071 2916 1203 2994 eedem
1238 2917 1294 2994 ef-

149 3091 151 3096 ,
250 3017 432 3100 ficientie
472 3037 559 3088 cum
590 3019 717 3085 calore
745 3027 782 3085 et
824 3021 942 3092 luces
975 3019 1185 3102 expenslve
1219 3020 1292 3094 vi,

139 3163 141 3170 ι
251 3122 494 3206 poleritete,
528 3125 680 3202 actione
712 3123 753 3202 in
783 3121 954 3198 distans,
979 3123 1099 3194 eliam
1126 3143 1195 3206 per
1226 3143 1291 3186 ve·

247 3244 359 3306 cuum
380 3226 704 3308 Torricellienum
717 3271 729 3304 ,
764 3245 967 3310 corporum
991 3227 1292 3324 penetratione,

246 3327 502 3394 destructione
522 3335 559 3394 et
581 3352 682 3422 nove
704 3331 1022 3414 compositione,
1031 3317 1147 3416 etque
1178 3351 1297 3394 reve-r

233 3433 404 3498 „catione
425 3435 706 3498 elementorum
730 3438 845 3508 antea
866 3433 1086 3496 latentium.
1121 3432 1291 3514 Probent

247 3540 447 3617 praeterea
470 3535 719 3604 adfinitatem
748 3535 1016 3599 electricitetis
1044 3553 1131 3604 cum
1165 3535 1293 3598 calore

249 3637 559 3716 combustiones,
581 3613 858 3724 oxydationes,
881 3637 1077 3710 fusiones,
1096 3655 1293 3730 evapora-

247 3737 373 3802 tiones
397 3745 465 3803 etc.
457 3781 488 3814 .‚
508 3740 704 3828 siquidem
722 3743 792 3812 sub
814 3741 876 3805 his
893 3739 1182 3824 operationibus
1215 3741 1293 3803 ele-

248 3842 421 3918 ctricites
444 3845 668 3921 evolvatur,
682 3846 845 3910 Volteno
877 3845 1153 3936 condensatore
1181 3841 1295 3908 collie

248 3945 374 4038 gentle
384 3985 395 4020 ,
419 3966 586 4032 ¹cumque
616 3929 863 4032 operationes
883 3948 1001 4021 istae,
1032 3945 1158 4008 calore
1188 3964 1294 4008 secus

249 4047 495 4126 suscitandae
509 4068 597 4132 ‚per
612 4049 833 4124 electricam
864 4047 1113 4120 efficientiam
1144 4063 1295 4133 quoque

203 4220 209 4230 ,
247 4159 444 4236 ponantur
467 4153 525 4235 e).
548 4153 756 4236 Praecipue
774 4135 995 4230 momente,
1025 4167 1120 4234 quae
1144 4145 1192 4218 ed
1229 4169 1292 4211 ex-

247 4254 427 4340 ponenda
448 4255 630 4320 electrice
648 4252 1086 4340 phaenomenefaciu'nt
1104 4291 1116 4328 ‚
1133 4269 1293 4339 sequens

242 4359 308 4424 tie
327 4363 441 4426 sunt:
