2904 5004
268 411 311 485 84
351 406 438 473 er.
451 406 497 473 11.
511 403 732 494 cantiam
745 417 834 471 esre.
846 403 954 471 nunu
968 419 1084 470 cour.
1106 418 1275 472 srsrnrc

266 559 358 619 rant
381 555 590 638 pristinam
614 551 808 626 indolem,
828 551 898 615 ubi
926 569 1026 637 aqua
1048 527 1341 633 macerantur?
1366 627 1369 634 ,

265 657 467 740 putredini
488 655 752 739 multomagis
773 655 960 718 resistunt
979 676 1022 718 ac
1042 674 1220 720 mucosus
1238 661 1322 722 tex-

175 797 180 804 ·
264 768 353 836 tus,
379 761 544 824 musculi
568 767 664 839 etc.;
687 759 947 824 maceratione
969 749 1321 838 difficilius-resol-

265 872 411 931 vuntur
442 853 570 951 q'ua'm'
599 864 799 941 tendines;
826 866 1000 929 fervente
1030 866 1157 932 calore
1190 883 1323 930 corru-

221 991 223 995 ·
266 977 409 1056 gantur
421 971 552 1054 3'aqua
573 969 753 1033 decoctae
772 969 876 1037 haud
890 968 1107 1035 'flavescunt
1118 1014 1131 1049 ,
1143 974 1321 1060 largiun-

200 1099 203 1106 ’
265 1081 330 1139 tur
350 1094 488 1158 parum
510 1075 557 1139 de
578 1076 753 1160 glutine,
771 1069 843 1138 nec
872 1074 989 1138 facile
1015 1076 1323 1162 colliquescunt3

266 1183 527 1262 putrescentes
551 1194 629 1242 non
654 1157 851 1242 virescunt
879 1182 924 1240 ut
955 1183 1161 1242 cutaneum
1188 1186 1318 1266 syste-

266 1302 355 1360 ma,
385 1265 520 1348 verum
555 1284 723 1348 colorem
763 1273 963 1366 accipiunt
992 1283 1184 1365 profunde
1215 1283 1320 1348 cine·

265 1403 629 1470 reum3gangraena
646 1383 870 1460 defoedatae
890 1385 1127 1469 nigrescunt.
1148 1388 1323 1452 Exten-

264 1489 508 1557 sihilitas
531 1491 672 1556 harum
694 1469 1007 1554 membranarum
1040 1509 1118 1554 non
1150 1495 1208 1556 est
1237 1511 1322 1554 ma·

154 1583 157 1592 ’
265 1611 364 1680 gna,
384 1598 423 1659 et
441 1592 624 1660 videntur
643 1606 794 1658 ser-osae
817 1594 1009 1658 cavitates·
1027 1593 1225 1658 volumine
1253 1615 1323 1659 au-

265 1698 349 1783 geri
381 1718 450 1782 per
482 1698 676 1781 plicarum
712 1685 1035 1780 explicationem
1069 1698 1158 1762 inde
1195 1699 1321 1784 igitur

266 1808 347 1878 est,
370 1801 473 1887 quod
505 1821 656 1892 setosae
688 1800 936 1864 membranae
966 1801 1197 1880 ventriculi,
1219 1803 1323 1867 inte·

266 1904 479 1979 stinorum,
506 1902 655 1968 vesicae
682 1902 904 1976 urinariae,
940 1903 1044 1966 uteri
1078 1908 1116 1967 et
1151 1904 1325 1968 aliorum

267 2019 501 2092 organorum
512 2025 644 2092 ,quae
670 2008 854 2070 volumen
875 1995 1097 2088 frequenter
1129 2012 1314 2086 mutant,

264 2107 446 2196 plurimis
477 2109 725 2173 instruantur
755 2107 891 2189 plicis,
913 2107 955 2170 in
986 2113 1186 2174 contracto
1222 2129 1314 2192 par·

262 2215 364 2279 tium
387 2217 492 2276 statu
508 2210 747 2276 visibilibus.
771 2216 941 2294 Augetur
961 2231 1172 2276 serosarum
1190 2231 1313 2274 mem-

263 2305 477 2382 branarum
510 2309 682 2376 extensio
716 2309 837 2374 etiam
873 2331 940 2395 per
970 2313 1031 2390 id,
1064 2313 1165 2399 quod
1203 2313 1251 2376 ab
1277 2335 1319 2378 a·

264 2415 330 2484 liis
360 2417 538 2502 partibus
570 2414 765 2478 detractae
798 2413 908 2498 quasi
937 2415 1021 2479 loco
1059 2421 1313 2481 moveantur:

266 2523 321 2588 sic
345 2522 486 2605 hepate
508 2518 677 2584 multum
698 2523 873 2583 tumente
895 2539 1023 2582 serosa
1050 2522 1183 2584 tunica
1205 2543 1229 2584 a
1257 2521 1319 2587 di-

194 2615 199 2628 '
266 2627 519 2709 aphragmate
551 2621 792 2697 detrahitur,
823 2621 988 2689 et·vidit
1011 2623 1165 2722 qunsr
1200 2628 1241 2708 ⁸)
1272 2625 1316 2690 in

250 2725 527 2792 ‘anevrismate
552 2723 676 2790 cordis
695 2725 954 2807 pericardium
978 2746 1000 2788 a
1021 2727 1124 2790 vasis
1155 2729 1310 2812 magnis

176 2821 180 2836 ’
267 2839 501 2917 separatum.
538 2833 603 2895 Est
630 2836 761 2894 autem
787 2831 881 2894 haee
913 2849 1128 2893 serosarum
1163 2832 1316 2896 tunica-

267 2955 355 3001 rum
393 2933 477 3000 loco
510 2933 635 2998 motio
659 2945 746 2995 cum
776 2932 926 3016 magnis
967 2951 1079 3013 saepe
1112 2932 1316 3000 doloribus

267 3040 494 3124 conjuncta,
527 3044 619 3129 tum·
646 3036 708 3100 vel
735 3039 926 3113 maxime,
957 3035 1025 3098 ubi
1053 3035 1317 3103 inflammatio

266 3143 387 3217 adest.
410 3139 651 3225 Intelligitur
673 3138 765 3204 hinc
802 3137 912 3203 dolor
927 3151 945 3217 ,1
957 3137 1023 3221 qui
1056 3158 1141 3218 cum
1165 3143 1322 3206 anevri.

266 3247 456 3332 omatibus
491 3242 614 3307 cordis
639 3247 677 3305 et
706 3259 886 3308 vasorum
912 3239 1105 3321 majorum
1117 3281 1129 3315 ‚
1149 3261 1235 3306 cum
1259 3245 1322 3308 in-

266 3333 536 3414 flammatione
579 3345 844 3428 pulmonum,
887 3343 1166 3409 intestinorum
1207 3354 1313 3424 eta,

266 3471 353 3516 cum
375 3449 500 3514 nimia
517 3447 792 3510 intestinorum
816 3443 1097 3512 flatulentia’et
1117 3467 1203 3512 cum
1222 3469 1313 3534 gra·

245 3603 248 3608 .
266 3554 433 3619 viditate
451 3552 674 3636 frequenter
695 3543 880 3631 jungitur.
903 3549 985 3616 Ubi¹
1000 3552 1098 3614 tales
1119 3554 1319 3618 extensio·

266 3675 335 3732 nes
366 3660 403 3718 et
433 3653 519 3717 loco
552 3650 744 3715 motiones
767 3650 886 3712 serosi
914 3653 1041 3714 t'extus
1071 3652 1176 3718 lento
1201 3656 1318 3720 modo

267 3757 505 3828 increscunt,
534 3757 578 3816 ut
607 3757 649 3822 ln
680 3751 1047 3836 hydropeaccidit,
1071 3753 1223 3827 dolores
1252 3759 1318 3826 illi

266 3876 348 3926 non
372 3856 648 3928 advertuntur,
668 3859 706 3917 et
722 3852 878 3916 videtur
900 3858 984 3917 tum
1004 3855 1088 3938 ipsa
1111 3857 1232 3933 etiam
1252 3863 1316 3925 sa·

266 3961 380 4028 brice
402 3980 471 4045 per
493 3976 665 4024 serosam
687 3954 895 4021 colluviem
917 3957 959 4020 in
976 3957 1051 4048 hoc
1068 3951 1177 4023 teitu
1199 3966 1320 4031 emol-

270 4063 349 4130 liri.
650 4067 655 4076 ’

354 4161 775 4272 conti-actilitas
818 4197 958 4302 harum
998 4203 1317 4286 membranarum

270 4311 368 4400 ¹satis
388 4307 597 4376 manifeste
617 4309 676 4368 est
705 4302 748 4368 in
769 4301 945 4388 hydrope
971 4303 1191 4375 abdominis
1216 4317 1254 4377 et
1277 4313 1319 4379 in
