2904 5004
286 401 346 484 ira
387 399 1287 507 Lre.l1.car.11.Daern.numeoarasrsrrn.

279 557 332 618 iro
356 525 537 622 existere,
556 542 749 626 plurimae
778 541 988 606 ostendunt
1021 525 1328 609 observationes.

283 641 542 736 Coniunctiva
562 647 666 712 enim
688 645 793 709 oculi
825 645 866 710 in
895 647 1065 712 normali
1094 652 1201 711 statu
1228 669 1325 712 vasa

188 817 195 832 .
284 763 406 826 habet
426 775 555 820 serosa
586 750 858 836 inconspicua,
889 771 986 837 quae
1017 752 1221 818 accedente
1256 753 1329 818 sti-

281 864 388 928 mulo
419 861 603 924 irritante
631 855 809 938 protinus
844 854 1010 932 rubent,
1040 855 1160 932 adeo,
1195 861 1239 920 ut
1270 856 1333 920 in·

283 971 488 1034 flammata
513 984 557 1028 ea
588 961 722 1026 tunica
748 957 932 1044 paginam
963 961 1106 1025 referat
1135 963 1330 1060 rubram,

279 1070 425 1136 nullibi
449 1069 573 1132 ferme
606 1063 864 1129 interstitium
887 1062 1035 1129 decolor
1067 1067 1331 1132 exhibentem·

177 1218 183 1231 .
282 1175 512 1243 Luculenter
544 1169 702 1233 vascula
729 1167 826 1231 hae'c
854 1166 896 1228 in
937 1168 1101 1232 reticula
1129 1171 1302 1233 formata
1322 1213 1334 1248 ,

280 1285 616 1351 urruwrsrorr,
637 1275 680 1339 in
699 1273 856 1358 frigidis
877 1277 1047 1340 maxime
1070 1277 1334 1354 animalibus,

199 1385 202 1392 ’
284 1407 387 1450 anno
402 1385 493 1480 1588.
518 1380 858 1462 microacopiorum
880 1399 951 1472 ope
971 1381 1276 1463 demonstravit3
1291 1391 1330 1450 et

280 1490 411 1554 Herm.
431 1487 675 1550 Bonnnaavlt
688 1481 806 1546 initio
816 1483 936 1546 seculi
950 1485 1073 1549 xvm.
1086 1487 1330 1570 experimen·

219 1605 222 1612 ’
280 1598 323 1654 ta
354 1587 629 1670 microscopica
669 1602 756 1648 cum
789 1585 1331 1678 injectionibusliuyschl·

282 1689 392 1754 anis
420 1687 651 1772 conjunxit,
684 1687 822 1772 quibus
855 1685 1074 1751 doctrinam
1112 1687 1157 1752 de
1189 1709 1328 1784 vascu-

281 1780 344 1856 iis·
361 1791 612 1876 capillaribus
641 1790 804 1879 (seror
820 1809 843 1852 a
871 1791 1035 1854 nonnuli
1057 1790 1214 1877 dicunt)
1238 1795 1328 1875 plu·
1358 1829 1361 1836 ,
1436 1778 1437 1796 ¹

284 1896 431 1962 rimum
454 1895 710 1980 locupletavit
733 1894 787 1980 t).
826 1893 1106 1966 Admirandam·
1138 1897 1255 1980 plane
1288 1897 1332 1963 in

287 2000 598 2072 demonstrandis
623 1999 791 2064 vasculis
813 1998 990 2061 minimis
1024 1999 1076 2062 lo.
1099 1999 1210 2064 Nath.
1236 2003 1335 2066 Lm·

283 2103 477 2166 nlauiiuu
500 2101 553 2183 (t.
574 2119 677 2182 29.n.
702 2100 754 2186 1.)
777 2100 948 2162 exercuit
970 2105 1092 2163 artem
1106 2100 1167 2188 ”)
1180 2143 1190 2176 ,
1214 2107 1333 2187 quam

287 2207 336 2270 ab
358 2222 400 2266 ao
420 2211 594 2284 tempore
618 2203 1115 2284 uell.los.ern‚Thom.
1138 2206 1334 2268 sturmar-

164 2337 166 2344 ,
286 2319 408 2401 rimu,
429 2304 564 2389 Georg.
587 2303 821 2368 Paoeuasni
844 2305 971 2368 etalii
1004 2307 1132 2388 plures
1162 2309 1334 2373 feliciter

287 2413 439 2476 imitati
462 2415 551 2474 sunt
572 2413 629 2498 a).
664 2410 753 2498 Istis
777 2408 981 2474 didicimus
1005 2412 1234 2489 conatibus,-
1265 2433 1335 2478 va·

291 2507 399 2579 scula
420 2533 465 2577 ea
487 2513 679 2578 diversam
698 2514 842 2576 habere
864 2493 1181 2597 amplitudinem,
1201 2517 1297 2580 adeo
1322 2558 1334 2594 ,

281 2618 496 2684 ⁴utin-tres
519 2616 673 2682 ordines
695 2617 905 2702 disposuere
926 2637 970 2681 ea
986 2619 1132 2702 possis,
1164 2628 1202 2684 et
1222 2623 1333 2686 vide·
1435 2627 1436 2652 l

290 2743 330 2785 aa
352 2711 587 2786 ca'naliculos
600 2721 774 2787 diversae
796 2720 1212 2790 diametri'sutcessiva
1227 2728 1334 2793 dira·
1435 2741 1436 2768 ¹

287 2826 475 2900 irratione,¹
487 2830 601 2910 atque
619 2825 861 2909 pedetentim
883 2831 1107 2891 extenuatos
1126 2830 1167 2892 in
1186 2851 1224 2893 se
1247 2849 1335 2896 mu·

287 2936 355 2991 tuo
376 2927 794 3012 transire,variumque
817 2927 995 3012 effingere
1020 2929 1062 2992 in
1082 2933 1258 3013 partibus
1273 2935 1333 3000 di·

188 3075 194 3084 .
288 3030 409 3094 versis
433 3035 594 3093 textum.
617 3030 744 3106 Tertii
766 3028 915 3094 ordinis
926 3031 1246 3096 vasculatantam
1258 3033 1333 3097 ha·

288 3132 383 3198 bant
412 3134 697 3209 subtilitatem,
718 3141 763 3198 ut
801 3134 1043 3198 cinnabarim
1075 3136 1329 3202 subtilissima

290 3237 499 3301 contritam
528 3236 595 3302 vix
624 3237 856 3314 admittant,
885 3238 1053 3325 solisque
1086 3239 1334 3324 pigmentis,

289 3348 488 3407 menstruo
507 3344 674 3430 quodam
698 3345 867 3408 chemice
886 3345 1047 3424 solutis,
1068 3348 1211 3429 repleri
1238 3337 1333 3431 ‘pos-

292 3446 396 3524 sint,
418 3465 487 3508 nec
510 3445 647 3522 aliter,
666 3447 743 3510 nisi
766 3446 1021 3531 microscopio
1033 3495 1045 3526 ,
1065 3451 1216 3536 objecta
1230 3453 1331 3516 mul-

288 3543 375 3618 tum
399 3559 597 3638 augente,
629 3554 816 3638 distingui
848 3556 1019 3620 valeant.
1051 3557 1335 3642 Experimentis

293 3661 432 3725 iissem
473 3660 785 3752 Ruylschiiet
821 3661 1139 3738 noer-amis
1170 3649 1329 3748 pennula

290 3759 554 3850 prosternitur
577 3763 792 3836 sententia,
808 3768 844 3826 et
866 3769 895 3828 A
908 3763 980 3827 lbi
994 3785 1018 3828 n
1033 3764 1046 3827 i
1067 3765 1247 3830 firmatur
1267 3771 1334 3832 do-

291 3867 440 3929 ttrina:
471 3865 613 3930 solidas
644 3867 827 3930 animalis
857 3847 1029 3950 corporis
1062 3874 1204 3953 partes*
1223 3867 1331 3932 haud

291 3971 406 4036 meris
428 3969 606 4052 componi
626 3970 818 4044 vasculis,
845 3969 1037 4056 siquidem
1059 3977 1147 4056 post
1176 3971 1331 4056 injecti·
1434 4033 1435 4038 ,

167 4075 172 4086 “
292 4077 381 4138 ones
412 4072 658 4136 felicissimas
690 4092 817 4136 massa
848 4073 979 4160 aliqua
1002 4081 1204 4141 remaneat
1224 4096 1334 4144 exco·
1434 4125 1435 4132 κ

287 4167 369 4262 lor,
392 4178 637 4244 vasculorum
659 4177 814 4262 explens
848 4178 1077 4244 interstitia
1091 4181 1152 4270 b).

1219 4425 1222 4434 =
1251 4391 1329 4456 Du·
