2920 4998
244 349 251 361 ’
280 380 346 446 240
364 361 739 431 unicornuus
760 347 849 426 cera
867 371 1280 428 neumnensium.

277 506 431 578 buenda
451 507 524 594 b),
543 504 686 590 ossium
704 501 1009 598 cylindricorum
1023 504 1229 569 medullari
1241 525 1327 570 cor·

278 617 365 698 pori
388 613 491 674 certo
512 608 632 670 inestz
656 611 829 690 potentes
850 607 955 670 enim
972 605 1123 670 dolores
1137 606 1324 672 nomines

279 715 460 777 accusant
503 699 574 773 su‘b
607 707 871 772 membrorum
910 707 1197 790 amputatione,
1232 729 1323 774 cum

279 837 385 882 serra
410 813 624 907 medullare
659 811 821 896 attingit
845 831 1002 894 corpus,
1027 817 1065 874 et
1095 813 1248 878 faciunt
1279 815 1323 880 id

231 917 238 928 '
278 921 408 1006 ipsum
417 919 599 1000 liquores
618 935 720 978 acres
743 916 784 980 in
806 935 944 980 cavum
967 917 1059 982 ossis
1081 915 1232 999 injecti,
1257 923 1327 984 aut

276 1023 424 1090 stilus
413 1021 619 1110 rmmissus.
657 1020 850 1083 Maximus
887 1026 1017 1084 autem
1039 1042 1168 1095 sensus
1190 1021 1327 1090 adver-

142 1166 157 1185 ·
274 1129 374 1194 titur
402 1126 444 1190 in
462 1103 590 1215 media
617 1123 712 1188 ossis
738 1129 871 1208 parte,
886 1120 929 1188 et
952 1118 1086 1189 deficit
1107 1146 1237 1192 versus
1260 1150 1327 1192 ex-

224 1323 227 1330 ·
276 1209 413 1298 trema.
446 1228 570 1314 Major
598 1225 810 1292 vitalitatis
831 1225 995 1310 gradus,
1022 1230 1087 1313 qui
1114 1231 1155 1294 in
1177 1231 1327 1295 medul-

279 1335 354 1400 lari
374 1335 446 1397 hoo
468 1332 575 1418 viget
596 1333 781 1414 corpore,
805 1329 983 1416 pluribus
1017 1335 1137 1400 etiam
1165 1339 1322 1402 morbo·

278 1439 330 1504 sis
353 1434 662 1513 adfectionibus,
690 1435 947 1520 sympathicis
981 1441 1018 1499 et
1047 1437 1327 1522 idiopathicis,
1455 1489 1456 1502 ,

280 1539 477 1606 doloribus
497 1536 711 1619 osteooopis
723 1580 735 1613 ,
758 1537 1138 1644 inflammationibus
1159 1548 1228 1605 eto.
1257 1560 1325 1626 op-

278 1643 562 1727 portunitatem
584 1641 755 1724 praebet.

153 1797 156 1804 ¹
235 1829 238 1836 ’
361 1810 565 1877 Medulla
554 1830 640 1893 1psa
658 1807 811 1873 tenuior
835 1815 892 1873 est
913 1815 951 1873 at
978 1809 1102 1894 magis
1132 1805 1329 1892 pellucida
1455 1849 1456 1872 2

279 1917 430 2002 reliqua
450 1915 623 1998 corporis
652 1912 887 1998 pinguedine
921 1911 965 1995 (ς.
998 1916 1113 2002 1140),
1143 1919 1181 1976 et
1205 1915 1327 1980 habet
1455 1935 1456 1938 ’

280 2021 433 2086 easdam
456 2039 543 2083 cum
565 2019 642 2084 ista
662 2017 935 2102 proprietates·
959 2019 1003 2080 ln
1025 2017 1234 2100 emhryone
1263 2037 1328 2102 ge·
1455 2039 1456 2046 ¹

186 2133 193 2144 '
280 2124 492 2200 latinosam
516 2141 658 2205 praese
677 2123 754 2184 fert
770 2113 963 2195 indolem,
978 2125 1016 2181 et
1040 2120 1186 2184 accedit
1214 2125 1331 2194 tanto

262 2215 367 2313 ‘plus
393 2226 441 2290 ad
461 2225 619 2299 oleum,
641 2243 714 2310 quo
736 2225 863 2287 foetus
888 2221 935 2285 ad
966 2222 1026 2285 sui
1056 2222 1328 2287 maturitatem

279 2332 365 2415 plus
385 2326 610 2402 accesserit,
632 2327 674 2389 in
698 2323 840 2389 adultis
870 2325 1054 2410 pinguem
1078 2327 1238 2390 omnino
1258 2325 1330 2388 ha·

220 2471 229 2494 .
278 2440 372 2502 bens
391 2435 595 2502 'naturam
639 2435 869 2512 Resorhetur
905 2433 947 2497 in
988 2433 1211 2498 senibus-et
1241 2435 1330 2514 post

212 2611 219 2632 .
280 2538 435 2606 morbos
460 2535 662 2601 diuturnos
675 2555 689 2612 ς’
713 2535 753 2596 in
774 2534 949 2620 hydrope
978 2541 1015 2598 et
1046 2535 1214 2610 morbis,
1244 2535 1328 2620 qui·

279 2645 351 2708 bus
385 2637 811 2721 corpuscontabescit,
838 2635 1054 2722 gelatinosa
1084 2657 1196 2721 saepe
1228 2657 1328 2702 mas·

281 2767 324 2810 aa
346 2745 388 2808 in
406 2741 598 2807 medullae
617 2743 749 2809 locum
771 2741 990 2825 deponitur.

364 2907 420 2971 De
436 2904 629 2970 medullae
647 2925 719 2970 usu
732 2903 973 2989 disputatum
985 2904 1064 2989 jam
1085 2906 1253 2970 multum
1265 2907 1327 2970 fu·

281 3007 315 3078 it
326 3054 337 3088 ,
352 3028 421 3076 nec
441 2997 557 3074 hodie'
580 3007 706 3074 adhuc
728 3008 978 3074 consentiunt
991 3014 1164 3072 auctores
1181 3011 1232 3094 c).
1255 3011 1330 3074 Do·

283 3122 370 3182 cent
391 3111 537 3198 aliqui,
562 3112 823 3181 substantiam
835 3111 937 3176 hanc
977 3131 1043 3194 per
1081 3112 1329 3197 spongiosam

283 3220 425 3286 ossium
437 3235 605 3286 massam
625 3216 669 3280 in
685 3216 904 3301 synoviales
923 3217 1175 3310 transsudure⁸
1189 3239 1329 3294 saccos,

284 3319 486 3409 ipsamque
508 3317 713 3403 synoviam
736 3339 814 3418 pro
840 3326 951 3401 parte
983 3319 1155 3384 medulla
1183 3321 1326 3388 ossium

285 3419 493 3490 constitui:
519 3426 563 3486 at
580 3420 722 3486 humor
741 3421 955 3506 synuvialis
968 3421 1161 3488 destructo
1181 3425 1330 3489 medul-

261 3527 363 3594 lari
384 3542 544 3606 corpore
567 3541 646 3588 non
658 3529 831 3590 mutatur
843 3563 854 3599 ,
878 3543 946 3587 nec
969 3525 1161 3590 alienatur
1181 3526 1329 3591 medul-

286 3631 351 3708 la,
375 3627 543 3713 synovia
561 3631 743 3710 corrupta
767 3625 826 3712 d).
850 3627 993 3691 Putant
1014 3627 1083 3690 alii
1113 3629 1326 3696 nutritioni

254 3731 494 3798 .insarvirer
521 3749 654 3794 verum
683 3749 768 3792 ussa
808 3729 940 3795 avium
976 3736 1013 3796 et
1045 3731 1177 3817 aliqua
1206 3733 1327 3800 etiam

285 3831 459 3906 hominis
483 3831 539 3914 (os
560 3829 823 3896 ethmoideum
843 3855 880 3896 v.
901 3833 958 3920 g.)
978 3834 1147 3904 medulla
1178 3843 1329 3914 carent,

288 3944 328 4002 et
347 3936 487 4003 docent
505 3935 659 4028 ‘trouu
680 3936 964 4018 experimenta,
988 3957 1072 4001 msa
1100 3940 1246 4022 optime
1273 3957 1330 4004 re·

285 4041 467 4128 produci,
489 4039 659 4104 medulla
678 4039 889 4105 destructa.
913 4043 1330 4120 Creduntiterunralii,

288 4143 541 4212 tenacitatem
561 4141 806 4206 substantiae
826 4164 955 4210 osseae
984 4163 1051 4226 per
1082 4144 1324 4220 medullam,

289 4265 366 4336 qua
393 4247 640 4332 penetratur,
668 4245 823 4332 augeria
853 4266 940 4316 orsa
965 4251 1098 4314 tamen
1114 4246 1328 4326 infantum,

1161 4391 1166 4402 -
1222 4351 1327 4440 gela·
