2904 5004
295 356 354 425 126
376 354 462 423 er.
481 351 527 423 11.
541 349 631 418 cre.
652 347 699 416 11.
719 349 778 416 Dr
803 359 890 414 err.
909 360 1132 416 scurrone.
1145 317 1313 420 ereren.

760 497 790 568 §-
822 507 907 574 '153-

712 667 950 758 Fgabrica.

381 843 561 914 Ostendit
584 841 827 917 maceratio,
854 841 1056 926 triplicem
1077 859 1167 910 'esse
1199 845 1357 909 arteriis

295 956 500 1024 tunicam,
520 948 734 1020 extimam,
754 945 926 1010 mediam
951 951 988 1009 et
1018 946 1227 1024 intimam,
1256 967 1355 1034 quae
1433 987 1434 990 =

242 1123 247 1134 ,
297 1059 347 1120 ab
369 1055 535 1119 invicem
548 1049 720 1131 separari
731 1052 906 1138 possunt,¹
919 1053 956 1110 et
968 1046 1214 1114 differentem
1227 1057 1362 1122 osten,

300 1159 400 1224 dunt
421 1159 614 1218 naturam·
637 1147 771 1216 Oritur
792 1151 1067 1234 extima‚quae
1088 1151 1273 1216 cellulosa
1296 1153 1354 1216 di-

239 1271 244 1278 “
302 1262 425 1338 citur,
449 1275 472 1318 a
491 1253 573 1317 tela
592 1252 776 1315 cellulosa
803 1253 959 1334 vicina3
981 1253 1099 1318 firma
1116 1259 1175 1318 est
1205 1263 1243 1319 et
1272 1257 1351 1320 ela-

283 1362 423 1445 ,stica,
446 1357 608 1446 crassior
631 1355 673 1418 in
692 1355 841 1419 truncis
864 1355 1103 1437 majoribus,
1123 1359 1295 1422 tenerior
1310 1361 1351 1422 in

298 1464 419 1534 ramis
468 1459 695 1526 minoribus.
736 1459 911 1526 Involvit
948 1461 1043 1524 haec
1081 1461 1245 1528 arterias
1283 1482 1351 1546 per

298 1587 455 1636 omnem
472 1573 652 1640 tractum,
665 1569 703 1627 et
715 1564 911 1627 connectit
924 1583 986 1627 eas
1002 1563 1137 1629 adsitis
1157 1567 1350 1649 partibus.
1434 1581 1435 1598 ¹

300 1677 422 1742 Aorta
445 1678 573 1735 autem
596 1675 634 1732 et
653 1666 891 1750 pulmonalis
906 1667 1052 1730 arteria
1067 1673 1153 1731 tota
1173 1669 1261 1745 via,
1275 1689 1351 1754 qua

300 1797 437 1842 cavum
457 1773 627 1840 thoracis
650 1775 688 1834 et
710 1768 929 1834 abdominis
949 1776 1176 1849 transeunt,
1196 1793 1219 1835 a
1245 1793 1350 1840 sero-

289 1871 373 1950 'sif
387 1878 624 1946 membranis
656 1876 706 1960 (§.
742 1876 857 1961 126.),
891 1893 976 1938 cum
1008 1875 1193 1940 cellulosa
1220 1877 1353 1942 tunica

207 1963 214 1972 ⁸
300 1989 595 2058 cohaerentem,
627 1981 865 2045 albicantem
900 1986 939 2042 et
969 1979 1123 2042 firmam
1156 1983 1355 2066 accipiunt

300 2091 497 2163 tunicam,
519 2085 731 2169 posteriore
752 2089 883 2145 tamen
906 2087 1038 2146 aortae
1058 2083 1158 2147 facie
1179 2086 1282 2149 nuda
1294 2110 1350 2152 re·

301 2191 399 2258 licta
420 2195 474 2278 ¹³).
511 2189 659 2253 Tunica
683 2185 915 2250 arteriarum
936 2183 1086 2260 media,
1112 2207 1208 2272 quae
1244 2195 1351 2274 pro.
1435 2269 1436 2298 1

300 2297 421 2381 pria
440 2315 505 2357 seu
527 2311 565 2356 m
580 2311 632 2354 us
647 2289 844 2352 cularis
866 2287 1021 2374 dicitnr,
1039 2292 1347 2374 duriusculaest,
1435 2305 1436 2376 ζ

304 2397 488 2475 elastica,
521 2391 684 2458 crassior
713 2371 869 2468 ceteris,
897 2393 1167 2460 luteo-rubelli
1197 2400 1349 2463 coloris.
1435 2389 1436 2394 ἵ

302 2501 557 2586 componitur
576 2499 671 2562 haec
691 2497 1068 2582 pluribusfibrarum
1089 2503 1352 2586 circularium,

304 2607 461 2692 oblique
473 2601 756 2668 decurrentium
770 2609 807 2666 et
818 2609 939 2666 semet
952 2601 1237 2670 decussantium
1250 2616 1351 2674 stra-

269 2763 271 2770 ,
303 2710 380 2783 tis,
410 2704 633 2770 absentibus
665 2707 775 2770 fibris
808 2704 1157 2790 longitudinalibus
1192 2713 1274 2800 ⁸⁸),
1307 2715 1350 2800 in

306 2813 480 2876 humano
503 2811 641 2874 saltem
663 2817 832 2893 corpore.
855 2809 924 2873 Per
942 2809 1042 2872 hanc
1069 2811 1257 2876 fibrarum
1288 2803 1349 2880 di·

303 2911 555 2998 spositionem
567 2909 647 2988 'fit,
669 2917 712 2974 ut
730 2911 893 2975 arteriae
912 2932 980 2996 per
998 2918 1260 2980 transversum
1284 2939 1348 2982 ru-

305 3025 396 3102 'ptae
408 3017 625 3099 marginem
643 3017 858 3100 regularem
870 3057 880 3092 ,
893 3022 1004 3102 atque
1025 3026 1212 3084 serratum
1235 3028 1273 3086 et
1296 3025 1352 3088 la·
1436 3073 1437 3082 ,

307 3135 435 3187 cerum
462 3121 691 3198 exhibeant,
715 3121 783 3184 ubi
803 3121 845 3184 in
867 3122 1024 3204 longum
1056 3125 1288 3198 lacerantur.
1321 3131 1352 3192 A

305 3227 585 3292 muscularibus
613 3227 725 3290 fibris
748 3226 975 3290 arteriarum
996 3228 1117 3291 fibrae
1137 3251 1215 3293 non
1235 3231 1349 3300 modo

309 3331 435 3398 colore
448 3370 459 3405 ‚
480 3347 616 3394 verum
640 3338 677 3392 et
698 3329 786 3394 aliis
810 3325 998 3394 differunt
1026 3331 1351 3414 proprietatibuss

308 3437 454 3502 etenim
474 3435 724 3498 minorenr.is
743 3440 868 3499 textus
896 3435 1064 3519 possidet
1093 3437 1353 3504 ductilitatem

309 3553 425 3626 quam
447 3535 693 3616 muscularis;
714 3533 862 3622 rigidae
883 3545 972 3602 sunt
989 3540 1062 3603 hae
1076 3540 1198 3606 fibrae
1220 3549 1258 3607 et
1272 3545 1350 3608 fra·

308 3647 405 3728 giles
425 3641 565 3716 ferme,
589 3639 705 3716 adeo,
726 3641 829 3705 utin
848 3644 1350 3712 anovrismatefacilerum·

305 3750 523 3830 nantunet
543 3741 815 3810 abscindantur
838 3767 859 3810 a
879 3747 981 3825 filis,
1006 3751 1189 3814 arteriam
1208 3741 1349 3818 fortius

309 3848 612 3932 stringentibus3
645 3849 809 3934 denique
839 3863 905 3914 nec
937 3852 1151 3922 irritabiles
1193 3861 1284 3919 sunt
1313 3861 1351 3920 et

264 4010 270 4021 ,
309 3952 509 4016 sensibiles
530 3958 574 4016 ut
597 3951 719 4042 fibrae
750 3969 908 4016 carneae
941 3955 998 4037 a).
1032 3957 1255 4021 Increscunt
1285 3979 1352 4022 au·

312 4059 392 4122 tem
413 4057 535 4122 fibrae
555 4059 653 4122 istae
672 4058 828 4132 robore,
847 4078 1007 4150 numero
1030 4067 1068 4125 et
1098 4061 1348 4128 irritabilita·

245 4165 250 4178 ‘
308 4155 366 4236 te,
387 4159 584 4228 diminuta
602 4177 800 4224 ramorum
835 4159 1034 4226 diametros
1096 4159 1098 4164 ’
1154 4203 1157 4210 ·
