2920 4998
272 393 335 482 176
356 372 507 462 Linll.
520 377 612 458 c'sr.
624 373 742 458 line
760 391 850 456 esis.
871 367 968 458 ιιιιιι.
980 343 1094 458 corn
1111 401 1281 459 srsrru.

153 553 166 572 ⁸
212 534 215 548 '
272 538 380 607 bitur
399 545 633 623 spontaneae
653 536 755 602 redit
778 542 908 601 autem
941 557 1073 604 sensus
1095 545 1134 604 s't
1163 541 1325 606 mobili·

216 723 219 730 Δ
271 647 333 710 tas
346 643 359 721 ,'
372 643 532 710 remotis
550 663 572 706 a
596 660 715 708 nervo
738 641 1043 725 impedimentis.
1074 645 1242 712 Reseetis
1263 669 1325 713 ve·

274 773 319 816 ro
341 756 408 815 eut
430 749 510 813 alie
540 747 792 828 mechanica,
816 746 992 812 chemino
1019 750 1085 814 val
1115 745 1327 834 dynamica

273 855 428 918 ratione
449 851 604 936 penitus
626 853 817 932 corruptis
838 849 990 928 nervis)
1013 872 1144 920 sensus
1177 859 1216 919 et
1244 875 1326 918 mo·

273 960 337 1022 tus
359 956 533 1077 partium
554 963 708 1038 prorsus
730 954 920 1020 detentum

325 1117 439 1181 Soli
460 1122 590 1180 autem
603 1113 797 1180 medullae
820 1107 1033 1206 memorata
1045 1135 1091 1182 ea
1101 1116 1204 1182 inest
1222 1117 1328 1183 vita·

275 1205 368 1285 litas
381 1219 666 1282 :velamentum
680 1217 785 1282 enim
798 1219 980 1283 cellulare
995 1223 1039 1286 et
1058 1221 1186 1304 ipsum
1206 1223 1328 1287 etiam

276 1322 493 1388 nevrilema
511 1320 621 1385 vatio
644 1320 759 1386 modo
779 1321 978 1386 stimulari
999 1311 1161 1404 possunt
1183 1325 1327 1414 absque

275 1426 385 1492 omni
404 1445 516 1489 sensu
539 1423 604 1510 d),
629 1428 667 1488 et
686 1421 862 1508 possidet
882 1443 1024 1490 nervus
1043 1425 1210 1492 nudatus
1241 1427 1325 1492 ma·

270 1536 395 1621 jor'em
414 1521 717 1596 sensibilitatem
743 1548 858 1614 quam
878 1531 1110 1596 velamentis
1134 1532 1327 1616 munitus,

279 1636 398 1711 adeo,
415 1637 459 1698 ut
480 1635 573 1704 haec'
596 1651 752 1697 sensum
774 1629 957 1717 mitigare
969 1623 1099 1717 potius
1121 1634 1329 1702 videantur

277 1739 333 1824 e.)
365 1740 449 1805 lion
478 1744 611 1802 tamen
642 1734 873 1800 credendum
912 1742 995 1831 este
1026 1739 1241 1806 nevrile'ma
1277 1727 1326 1808 ei

271 1842 576 1928 sensibilitatem
587 1845 794 1904 nervorum
812 1825 925 1902 nihil
930 1821 1119 1920 conferre,
1133 1841 1328 1929 siquidem·

276 1947 318 2014 id
337 1923 600 2010 velamentum
619 1955 645 2006 ιι
657 1963 682 2005 ιι
695 1949 713 2006 t
724 1941 858 2006 ritiu
870 1961 909 2004 m
934 1945 1147 2012 constituat
1177 1945 1332 2012 ιιιεᾱιιῑ-·

279 2053 342 2116 lae
364 2053 619 2137 appe-ratum,
640 2045 848 2138 materiam
881 2047 960 2128 ejus
986 2055 1025 2114 et
1049 2049 1150 2113 vire's
1180 2066 1333 2116 conser.

161 2235 163 2240 Ι
276 2155 460 2230 vantem,
476 2147 576 2237 quod
602 2147 761 2233 quidem
783 2147 825 2210 in'
849 2150 1060 2246 ence'phalo
1072 2157 1134 2228 ,et
1150 2153 1220 2237 pro
1240 2173 1332 2238 par.

276 2261 319 2322 te
339 2257 458 2322 etiam
480 2256 522 2319 in
542 2253 715 2318 medulla
747 2248 916 2334 spinali,
943 2259 988 2317 ut
1011 2276 1079 2318 suo
1110 2258 1332 2326 videbimus

279 2357 736 2438 1000‚corticalis,simu1
757 2351 882 2420 efficit
900 2343 1132 2424 substantia.
1156 2364 1332 2428 Arteriae

277 2465 424 2549 igitur,
449 2483 471 2526 a
490 2461 632 2525 vicinis
658 2459 779 2524 ramis
799 2455 1031 2542 productae,
1062 2483 1201 2528 nervos
1224 2469 1333 2532 omni

280 2585 325 2629 ex
342 2568 454 2648 parte
473 2561 636 2637 adeunt,
661 2565 869 2646 penetrant
897 2564 997 2627 telae
1031 2559 1238 2633 cellulosaa
1270 2567 1333 2630 in*

279 2663 473 2743 ierstitia,
487 2669 746 2731 extenuantur
769 2664 810 2728 in
836 2681 931 2730 vasa
953 2668 1160 2752 capillaria
1171 2678 1232 2746 ,et
1250 2670 1333 2734 for-¹

280 2778 393 2840 luant
423 2772 588 2839 reticula
619 2770 661 2835 in
692 2752 969 2848 nevrilemate,
994 2777 1090 2860 qu'ae
1117 2759 1334 2838 medullam

187 2899 225 2930 ἰ
280 2903 359 2946 non
391 2871 506 2946 modo
547 2879 758 2954 ambiunt,
798 2899 930 2944 verum
962 2879 1080 2948 etiam
1120 2880 1334 2946 subtilibus

280 2969 490 3068 provident
503 2967 678 3046 surculis.
703 2979 906 3044 Revehunt
918 3001 1039 3045 venae
1055 2979 1333 3066 respondentes

285 3083 513 3167 sanguinem
535 3103 557 3146 a
577 3087 786 3148 nervorum
818 3085 1069 3160 substantias.
1083 3085 1173 3148 aliis
1198 3091 1331 3148 tamen

282 3185 465 3261 loc'is‚'ut
497 3187 651 3250 Βιοιιιιι·
688 3188 879 3270 comperit
899 3185 1328 3272 f)‚pr0deunt,quam
1419 3204 1423 3220 ·

284 3293 453 3359 arteriae
478 3287 849 3372 ingrediuntur-,ut
879 3278 972 3363 adeo
1001 3281 1207 3372 dispositio
1237 3290 1333 3353 haee
1445 3379 1446 3382 Ἴ

285 3399 473 3478 congruat
506 3411 593 3458 cum
634 3389 856 3475 sanguifero
897 3391 1099 3473 encephali
1132 3397 1335 3475 apparatu.¹

259 3569 263 3578 ¹
282 3493 419 3563 Fertur
447 3502 577 3559 autem
612 3495 778 3578 insignis
816 3495 847 3557 R
869 3514 888 3557 e
910 3495 924 3558 i
947 3493 995 3557 li
1019 3515 1041 3558 ο
1071 3498 1263 3569 testante,
1286 3493 1337 3559 ad

286 3617 426 3666 nervos
448 3598 647 3681 sanguinis
672 3583 892 3684 quantitas,
911 3597 1012 3667 unde
1039 3596 1173 3688 iniecti
1195 3604 1233 3662 et
1262 3595 1334 3663 'sie-

283 3703 363 3768 eati
393 3700 601 3783 insigniter
630 3703 772 3766 rubent
797 3701 855 3784 g).
889 3702 956 3764 His
979 3700 1168 3766 accedunt
1199 3701 1334 3766 absor-

285 3801 420 3872 bentia
452 3823 569 3881 vasa,
601 3801 642 3867 in
675 3804 803 3880 nervis
833 3803 1049 3888 majoribus
1074 3813 1155 3871 arte
1183 3807 1337 3890 saepius

284 3910 572 3983 demonstrata,
594 3903 778 3990 omnique
818 3907 922 3990 parti
933 3939 944 3980 s
976 3909 1023 3970 ob
1054 3891 1241 3972 materiae
1271 3925 1336 3972 ne·
1394 3973 1398 3980 ,

283 4014 490 4080 cessariam
509 4001 865 4094 permutationem,
886 4012 1045 4098 propria
1066 4011 1118 4100 (§.·
1140 4013 1252 4101 167.)s

371 4176 690 4243 irritabilitatem
720 4183 933 4248 animalem
962 4205 1028 4247 ne
1032 4185 1090 4248 vis
1117 4181 1218 4246 haud
1249 4183 1337 4244 oon·

285 4283 441 4359 tenire,
459 4283 689 4362 assuerus,
710 4285 998 4352 zmumnsus
1021 4287 1169 4374 aliique
1201 4285 1331 4370 plures

1257 4388 1336 4454 Qvi·
1443 4443 1445 4452 .
