2904 4996
253 418 276 488 6
319 405 689 514 Lrs.11.csr.=1.Ds
712 353 992 474 riniacossrf
1011 425 1107 474 num.
1128 427 1242 478 coar.

257 557 337 623 nisi
369 556 558 621 aceticum
572 578 597 630 ,·
616 551 854 616 animalibus
884 553 1088 636 particulis
1117 561 1307 639 nuptum,

256 639 467 726 Fossiones
485 654 657 720 ostendit
675 653 733 741 a).
765 654 931 719 Exhalat
953 655 1106 719 aeidum
1128 658 1309 722 carboni·

220 755 225 766 ’
257 783 344 826 cum
365 746 392 824 e*
406 757 676 842 pulmonibus,
700 763 739 822 et
757 758 932 822 continet
950 755 1061 824 acida
1083 758 1168 843 ipsa
1186 759 1307 822 etiam

252 869 405 954 fibrosa
426 862 626 948 sanguinis
655 883 756 948 pars.
780 863 1007 928 Generatim
1029 871 1158 930 autem
1180 863 1308 930 minor

132 1046 134 1050 ¹
253 973 453 1038 acidorum
474 972 584 1056 eopia
607 969 843 1036 animalibus
877 971 980 1034 inest
1000 959 1117 1056 quam
1150 978 1306 1058 vegeta·

250 1075 399 1142 bilibus
421 1076 667 1160 corporibus,
691 1079 823 1157 estque
845 1073 1031 1182 anirpalis
1050 1061 1211 1140 'natura'
1226 1075 1304 1140 aui-

252 1181 313 1246 dis
340 1182 526 1248 haetenus
548 1179 747 1264 opposita3
769 1183 813 1242 ut
836 1198 881 1243 aa
900 1187 1040 1247 neutra
1058 1179 1215 1246 reddere
1234 1201 1306 1266 po·

254 1283 333 1352 tius
355 1283 480 1350 soleat
498 1283 560 1370 b)s

232 1451 238 1488 i
334 1443 688 1532 Produntquidem
710 1453 748 1512 et
776 1443 943 1513 musculi
973 1445 1161 1532 oxygonii
1193 1467 1307 1530 prae-

251 1549 420 1615 sentiam
430 1591 441 1626 ,
453 1549 644 1636 siquidem
656 1555 687 1616 A
699 1571 723 1616 u
735 1557 752 1616 t
764 1573 782 1616 e
794 1574 820 1617 n
832 1553 1035 1620 riethio
1056 1555 1154 1616 teste
1176 1572 1308 1619 carnes

250 1673 383 1720 recens
408 1655 570 1719 mactati
602 1654 785 1720 animalis
806 1674 934 1722 succos
967 1655 1163 1722 coeruleos
1193 1677 1307 1741 vege·

253 1757 440 1824 tabilium
468 1760 554 1822 rufo
583 1759 742 1843 tingant
772 1760 921 1835 colore,
945 1763 984 1823 et
1017 1759 1077 1821 lac
1107 1757 1307 1844 coagulari

250 1860 424 1940 faciant3
447 1861 722 1946 experimentis
745 1861 859 1942 dein,
873 1883 970 1949 quae
990 1861 1063 1930 los.
1082 1861 1308 1928 stzuurui

250 1963 429 2028 instituit
459 1969 526 2052 c),
557 1951 734 2030 innotuit
773 1965 921 2042 nobis,
956 1963 1110 2048 aeidum
1148 1963 1309 2051 aliquod
1370 1983 1373 1988 '

250 2068 379 2136 inesse
409 2071 625 2145 musculis,
648 2069 957 2145 combustibile,
980 2070 1121 2134 malico
1149 2077 1216 2135 aut
1237 2089 1308 2157 ga·
1350 2140 1353 2150 ‚

251 2173 393 2240 laetico
423 2175 565 2239 simile.
609 2173 747 2258 Nostra
777 2180 913 2240 tamen
942 2173 1127 2257 opinione
1149 2177 1309 2264 phlogi-

251 2277 392 2342 sticum
418 2277 460 2341 in
480 2278 584 2343 fibra
606 2277 823 2374 imitabili,
847 2283 887 2342 et
909 2279 1143 2364 exygenium
1165 2281 1207 2348 in
1225 2299 1312 2350 ner*

251 2401 344 2446 voso
381 2384 604 2467 praevalere
645 2382 831 2449 videntur
872 2387 1100 2468 systemate.
1153 2383 1307 2454 Etenim
1367 2391 1373 2402 '
1450 2415 1451 2422 ¹

138 2563 143 2576 ι
250 2484 441 2550 fibrosum
461 2473 791 2571 principium,'ut
819 2503 910 2549 mox
935 2486 1108 2551 dicemus
1120 2479 1137 2564 ,²
1156 2489 1306 2554 azotice

116 2660 123 2673 Ι
252 2587 448 2663 abundat,
473 2583 512 2653 et
541 2587 670 2652 tendit
706 2587 935 2656 medullaris
976 2608 1183 2678 nervorum
1210 2591 1308 2655 suh-

195 2721 199 2732 ·
253 2693 401 2758 stantia
429 2691 646 2775 plurimum
677 2690 719 2756 in
756 2691 1102 2757 fermentationem
1132 2694 1309 2769 acidam,

252 2796 356 2880 quod
378 2795 544 2884 aliorum
573 2803 612 2860 et
639 2793 799 2880 propria
827 2794 1034 2862 didicimus
1067 2798 1307 2883 experientia

251 2898 313 2987 d).
339 2901 556 2986 *Oxygenio
578 2905 792 2977 scatentes,
814 2883 930 2984 idque
951 2900 1067 2966 facile
1101 2901 1306 2968 dimitten-

185 2995 191 3010 ’
250 3009 307 3069 tes
331 3003 538 3080 materiae,
560 3001 663 3070 vire's
696 3004 933 3072 musculares
964 3004 1178 3087 plurimum
1203 3005 1306 3069 exci-

236 3114 361 3185 tant,
385 3115 423 3175 et
443 3115 594 3193 ponunt
615 3107 856 3198 eontrarium
879 3107 922 3170 in
941 3109 1070 3174 nervis
1099 3105 1305 3186 effectum,

251 3215 337 3294 cum
370 3215 514 3282 alcalia
550 3222 588 3288 et
620 3211 928 3300 inflammabitis
962 3213 1192 3280 emicarint
1218 3234 1305 3278 ner·
1372 3245 1383 3272 ι
1447 3241 1448 3319 ss

215 3322 219 3331 '
250 3321 335 3398 vis,
359 3320 522 3394 inimica
539 3323 724 3390 musculis
747 3321 802 3413 e).
846 3321 935 3387 Ideo
958 3321 1077 3386 etium
1096 3320 1305 3386 arteriosus

252 3423 409 3510 sanguis
428 3425 612 3493 musculis
642 3432 699 3491 ast
728 3425 986 3518 necessarius,
1008 3430 1052 3490 ut
1081 3424 1221 3510 quippe
1242 3445 1306 3490 ax-

250 3532 436 3616 pansivas
458 3531 645 3618 principii
662 3533 898 3620 phlogistici‘
911 3533 1058 3596 limitet
1082 3532 1182 3597 vires
1193 3551 1204 3608 3
1217 3551 1307 3594 ner·.

251 3634 293 3698 vi
332 3639 536 3718 praeterea
554 3677 566 3712 ,
598 3635 783 3702 musculis
813 3635 1006 3732 oppositi,
1039 3629 1306 3718 potentissimi
1445 3693 1446 3696 ,

235 3733 342 3806 'sunt
373 3740 659 3810 irritabilitatis
690 3742 920 3806 excitatores
950 3733 1003 3826 (§·
1032 3741 1125 3824 85·)·
1163 3735 1323 3812 Acida,.

253 3860 352 3930 quas
382 3846 646 3912 musculorum
684 3846 895 3936 resolvunt·
916 3852 1067 3930 textum
1079 3883 1090 3920 ‚
1113 3841 1305 3930 medulla-

251 3947 549 4016 remtindurant
578 3947 860 4025 substantiam,
884 3947 986 4036 quod
1016 3945 1174 4034 quidem
1196 3945 1302 4010 alco-

250 4051 321 4118 hol
344 4053 493 4120 vinies
508 4075 554 4120 eo
575 4054 696 4120 etiam
717 4059 912 4136 praestat,
936 4051 1125 4140 siquidem
1147 4047 1308 4138 aquam,

251 4175 329 4244 qua
371 4158 554 4238 albumen
597 4159 767 4224 solutum
807 4165 920 4227 antea
960 4157 1070 4232 fult,
1102 4155 1304 4222 subducat.

251 4261 499 4332 contrarium
520 4259 673 4356 laniunt
693 4261 947 4352 phlogistica‚
970 4261 1114 4328 alealia
1131 4260 1303 4328 'caustico
