2902 4996
261 431 326 509 334
344 423 430 490 ιιι.
444 411 491 490 11.
509 417 602 484 Gsr.
614 415 678 484 111.
698 415 888 485 iucrrsu.
909 433 1081 488 errores.
1108 432 1266 486 oorsro.

262 581 374 630 eures
397 563 563 629 mittunt
578 563 816 648 principium
829 584 841 642 ς
853 551 965 629 flduii
975 607 986 639 ,
1007 565 1112 632 lacus
1124 575 1311 654 „stagna,
1435 562 1438 579 '

263 687 370 734 mare
394 655 567 730 vicinum
599 666 805 731 humidum
833 665 999 734 reddunt
1030 673 1179 746 serem,
1203 676 1308 738 vari·
1435 662 1438 749 ᾗ

264 771 375 860 isque
413 773 616 856 particulis
646 772 793 836 nocivis
825 778 894 836 aut
923 771 1104 858 proficuis
1136 779 1309 861 imprae.

260 881 406 964 guent·
417 877 676 960 putrescentes
701 865 888 939 animales
909 881 947 940 et
967 881 1199 962 vegetabiies
1221 887 1312 950 sub·
1351 911 1355 918 ·
1436 898 1439 911 '

262 977 434 1046 stantiae
446 1024 459 1058 ,
471 977 534 1045 vel
556 979 636 1064 alia
656 977 813 1043 effluvia
831 980 1044 1062 mephitica
1061 989 1311 1090 atmosphae·

262 1103 348 1149 ram
368 1086 640 1166 corrumpunt,
660 1082 731 1146 et
720 1101 806 1164 rpsa
828 1083 948 1147 etiam
970 1069 1245 1168 vegetdbilium
1269 1115 1312 1156 ac
1436 1126 1438 1139 =

264 1182 495 1252 animalium
531 1184 735 1266 respiratio
769 1185 998 1252 mixtionem
1038 1191 1117 1271 eius
1161 1203 1314 1274 mutat,
1435 1176 1438 1189 ¹

263 1283 403 1374 q'uibus
426 1287 574 1352 cunctis
594 1287 729 1352 vitalis
756 1288 871 1369 hujus
899 1290 1149 1360 incitamenti
1171 1295 1189 1378 (
1195 1295 1232 1373 51
1246 1317 1310 1366 ιιι
1437 1363 1438 1373 ,

262 1392 404 1479 -216.)
425 1387 609 1457 differens
630 1389 804 1458 redditur
830 1391 949 1459 actio.

346 1533 389 1616 s)
410 1523 543 1596 Varius
576 1522 767 1596 caloris
789 1523 974 1615 gradus
1008 1539 1046 1598 et
1067 1540 1310 1620 temperatu-

263 1655 330 1702 rae
356 1633 577 1700 constantia
596 1615 659 1699 vel
690 1633 955 1728 inconstantia
967 1676 979 1711 ,
993 1657 1096 1724 ¹quae
1126 1661 1315 1726 magnum

269 1739 374 1801 certo
394 1733 542 1800 habent
563 1734 604 1798 in
631 1733 831 1800 hominem
853 1742 891 1802 et
912 1737 994 1802 alia
1022 1741 1205 1823 organica
1226 1761 1315 1809 cor«

262 1839 574 1930 porainiluxum
595 1837 641 1921 (5.
663 1839 888 1928 sar-224),
911 1843 1160 1928 praecipuam
1186 1843 1318 1912 efficia

265 1952 338 2012 unt
358 1942 528 2010 climatis
549 1940 822 2011 conditionem.
851 1937 995 2010 Differt
1025 1953 1154 2013 autem
1172 1950 1333 2040 clima-Q

270 2059 355 2119 tum
388 2059 652 2135 temperatura
678 2069 757 2116 non
778 2049 894 2116 modo
931 2071 1002 2136 pro
1034 2055 1185 2120 ratione
1214 2059 1318 2124 situs

268 2158 541 2244 geographici,
571 2145 705 2222 verum
736 2153 855 2220 etiam
888 2153 1028 2222 locales
1061 2158 1319 2226 circumstan-

270 2263 377 2342 tiae,
399 2269 573 2340 montes,
601 2264 816 2348 horumque
835 2261 930 2328 situs
950 2267 988 2327 et
1015 2263 1183 2328 altitudo
1193 2307 1207 2342 ,
1229 2265 1319 2328 vala

271 2369 349 2447 les,
368 2367 482 2436 fluvii
493 2415 505 2448 ,
518 2371 644 2436 maria
663 2368 794 2433 vicina
816 2374 887 2432 etc.
906 2367 1134 2451 temperiem
1159 2377 1321 2456 augent,

269 2473 477 2555 minuunt,
496 2473 557 2540 vei
584 2473 869 2537 inconstantem
888 2470 1064 2538 reddunt.

247 2669 250 2678 .
355 2618 396 2703 3)
416 2618 481 2683 Lu
494 2614 559 2680 cis
582 2613 750 2680 influxus
771 2611 821 2697 (5.
834 2616 935 2692 2265
946 2631 1019 2694 227
1023 2616 1042 2704 )
1054 2659 1071 2702 ,
1085 2619 1153 2706 qui
1177 2617 1319 2684 latitu-

271 2721 363 2787 dine
387 2717 668 2822 geographica,
686 2715 897 2783 altitudine
928 2719 1027 2792 loci,
1032 2739 1114 2804 per
1138 2730 1318 2798 montes,

272 2803 473 2882 aedificia,
490 2821 632 2890 perque
649 2799 770 2865 valles
799 2807 867 2866 aut
893 2801 1101 2895 planitiem
1132 2807 1318 2872 deterrui

271 2904 440 2984 natur‚'
429 2926 472 2970 ιιι
494 2904 650 2970 climate
666 2903 775 2968 vario
800 2902 936 2970 differt.
969 2903 1165 2972 Pertinent
1181 2910 1254 2972 huc
1282 2915 1324 2976 et

272 3013 516 3076 meteora
546 3008 687 3072 varias
714 2989 1009 3090 atmosphaerde
1055 3009 1322 3088 electricitas,

261 3109 458 3228 fulgura,
498 3109 685 3194 pluviae,
716 3108 922 3190 siccitas,
932 3109 1040 3173 venti
1079 3115 1149 3174 etc.
1170 3151 1180 3185 ,
1219 3129 1324 3196 quae

274 3185 428 3290 omnia,
450 3210 519 3278 uhi
542 3211 653 3276 certis
677 3208 888 3296 alligantur
910 3209 1001 3276 locis
1019 3211 1235 3297 ,certisque
1257 3233 1321 3276 re-

275 3321 437 3382 currunt
457 3311 650 3400 periodis,
671 3319 945 3399 permanentes
970 3320 1124 3398 ponunt
1147 3315 1321 3382 climatis

278 3419 531 3486 conditiones.

358 3563 401 3648 4)
422 3537 583 3630 Cibus
602 3567 640 3629 et
659 3563 832 3648 potus,
853 3555 980 3650 quiin
1002 3560 1224 3630 climatibus
1248 3583 1321 3628 va·

277 3666 348 3738 riis
367 3661 588 3752 quantitate
606 3666 644 3732 et
668 3659 857 3753 qualitate
876 3663 1085 3744 differunt,
1101 3681 1321 3752 processum

282 3767 509 3858 organicum
532 3767 642 3837 varia
673 3775 826 3836 mutant
853 3763 1322 3861 ratione(5.sr7.)'.1psa
1442 3791 1443 3814 ι

248 3863 250 3884 '
279 3874 385 3942 enim
400 3869 540 3936 horum
562 3869 747 3958 qualitas,
768 3879 810 3938 ut
835 3867 1007 3959 quotidie
1028 3873 1318 3948 convincimur,

175 4013 177 4020 ⁴
277 3973 322 4046 in
342 3971 567 4064 regionibus
591 3969 753 4042 diversis
777 3973 991 4060 plurimum
1023 3973 1176 4049 differt·
1199 3977 1321 4041 abun·

278 4071 374 4148 dant
408 4078 509 4144 alias
539 4075 677 4143 certis
686 4077 967 4164 vegetabilium
996 4081 1058 4145 vel
1088 4072 1320 4146 animalium
1442 4151 1443 4174 Χ

279 4181 495 4274 speciebus,
518 4181 556 4247 et
580 4179 722 4249 dantur
741 4183 897 4273 populi,
918 4205 991 4284 qur
974 4175 1068 4251 vei
1098 4186 1191 4251 solis
1210 4201 1321 4265 vege·

279 4281 491 4366 rabilibus,
512 4280 701 4370 piscibus,
723 4287 903 4358 cornibus
916 4330 929 4368 ,
943 4257 1067 4392 etism
1083 4285 1208 4360 crudis
1220 4326 1232 4368 ,
1253 4302 1320 4352 ve·
