2904 5004
264 407 371 476 sacr.
390 347 455 470 111.
476 401 534 468 Da
555 401 793 466 srsr'ausrs
815 377 1004 466 curenno.
1114 421 1170 488 rer

97 552 103 572 “
129 569 204 636 que
224 546 509 614 contractilitas
536 545 739 630 organica:
767 563 890 630 pauca
916 545 1008 610 hinc
1028 541 1173 630 perspi,

129 652 232 720 ratio
257 658 295 717 et
323 650 480 716 sudores
501 649 718 734 rarissimi,
738 649 928 736 paucique
950 649 1078 714 morbi
1110 667 1173 724 cur

125 757 264 833 tanei,
297 754 403 820 acuti
431 751 663 836 praeprimis
698 757 735 817 et
766 751 1077 816 inflammatorii.
1108 753 1177 816 Ea·

125 861 215 926 dem
235 858 279 924 de
301 877 415 922 causa
444 863 482 920 et
510 873 664 939 unguen
687 861 891 919 cutaneum
913 873 1033 938 parca
1051 875 1172 934 secere

66 1021 73 1036 ,
126 965 239 1030 nitur
260 962 388 1046 copia,
412 979 485 1046 quo
518 957 725 1042 epidermis
749 957 904 1043 rigescit
927 963 965 1024 et
996 955 1176 1022 finditur.

9 1139 16 1150 ,
125 1067 336 1150 Absorptio
369 1065 467 1128 cutis
489 1063 530 1128 in
562 1063 715 1142 senibus
746 1063 895 1142 rarior,
916 1063 1017 1128 unde
1047 1061 1176 1128 minus

81 1205 84 1212 ¹
127 1169 301 1255 contagii
322 1167 550 1252 periculum.
574 1167 665 1229 Cum
685 1164 878 1236 diminuta
898 1163 951 1228 sit
972 1161 1177 1240 individua

126 1276 227 1341 cutis
249 1272 355 1351 vita,
376 1269 605 1352 temperiem
636 1274 835 1354 externam
862 1268 1018 1334 facilius
1049 1251 1176 1354 sequi·

127 1381 216 1454 tur,
239 1375 339 1439 unde
360 1391 467 1454 senes
489 1373 614 1437 calore
637 1377 704 1436 aut
733 1371 878 1454 frigore
901 1377 1059 1452 externo
1089 1391 1172 1448 ma·

127 1480 189 1566 gis
211 1479 448 1546 adficiuntur
469 1497 584 1564 quam
607 1475 775 1558 juvenes.

211 1639 469 1726 Reproductio
492 1635 657 1724 insignis
675 1633 831 1724 quidem
851 1641 907 1702 est
929 1637 970 1701 in
988 1641 1178 1726 systema-

126 1753 167 1812 te
191 1743 450 1820 cutaneo;ubi
471 1763 561 1808 vero
583 1741 706 1827 major
728 1741 822 1805 corii
844 1741 1066 1826 deperditur
1088 1763 1178 1828 porq

128 1849 211 1923 tio,
235 1827 444 1928 aegerrime
464 1845 707 1914 restituitur:
735 1844 907 1928 repletur
930 1844 1045 1910 modo
1080 1845 1179 1916 cica-

94 1980 97 1989 ·
128 1951 209 2016 trix
242 1949 422 2014 celluloso
455 1953 588 2025 textu,
617 1949 786 2030 sormam
817 1947 916 2010 culis
946 1945 1051 2010 haud
1081 1947 1177 2011 hene

128 2055 332 2131 imitante,
354 2050 574 2138 inaequali,
593 2051 724 2134 paucis
745 2049 846 2132 vasis
868 2053 1081 2130 instructo,
1094 2075 1179 2146 senff

126 2180 171 2225 su
194 2160 352 2224 obscuro
374 2141 611 2242 praedito,'et
630 2155 722 2238 pilis
743 2155 958 2239 plurimum
978 2157 1177 2225 destituto.
1265 2173 1270 2186 '

129 2263 224 2329 Inde
244 2271 373 2348 partes
396 2259 638 2325 cicatrisatae
659 2259 787 2324 minus
803 2261 921 2325 etiam
942 2264 1178 2354 perspirant,

132 2374 266 2434 carent
294 2360 585 2442 sensu'tactus,
610 2371 727 2450 atque
761 2365 827 2430 vix
859 2365 971 2452 injici
1001 2365 1042 2430 in
1064 2365 1178 2430 cada·

127 2467 221 2537 vere
242 2475 416 2558 possunt.
439 2471 603 2556 Euergia
623 2470 759 2537 vitalis
783 2471 823 2538 in
845 2471 1070 2537 cicatrisota
1093 2479 1179 2539 cute

127 2576 342 2662 generatim
374 2575 502 2642 minor
532 2581 609 2652 est,
644 2576 745 2640 unde
771 2595 899 2642 rerum
933 2582 1178 2644 externarum

128 2681 318 2758 innexui,
339 2679 564 2746 mechanico
587 2686 625 2744 et
646 2679 818 2744 chemico
830 2678 1028 2754 ,resistere
1049 2680 1178 2760 minus

130 2785 259 2864 valet;
283 2783 373 2848 inde
392 2781 515 2868 igitur
542 2790 618 2860 est,
643 2781 744 2870 quod
776 2788 905 2869 partes
932 2781 1177 2846 cicatrisatae

130 2877 328 2956 doloribus
359 2907 470 2971 saepe
511 2887 780 2964 adiiciantum
809 2905 896 2978 cum
931 2885 1177 2980 tempestatis

129 2991 399 3092 yiciseitudine
420 2993 790 3092 recrudescentibus
817 3051 827 3069 ,

492 3187 495 3200 .
551 3193 611 3278 'l·
658 3219 727 3294 ¹5⁰:

406 3387 897 3495 Statusabnornpis.
986 3385 991 3396 '

212 3543 386 3630 Copiosis
402 3555 505 3613 certo
528 3526 929 3648 cutaneumg'ltema
960 3547 1172 3638 obnoxium

129 3653 186 3734 est
206 3649 395 3714 morbosis
418 3649 698 3716 adfectionibus
709 3696 721 3730 ,
746 3673 765 3734 q
786 3659 841 3716 ¹'ae
862 3647 1175 3738 janidiopathi-¹

129 3773 217 3829 cae,
240 3752 317 3837 jam
339 3775 429 3820 vero
453 3755 720 3842 sympathicae
743 3763 853 3836 sunt,
881 3765 919 3836 et
949 3757 1093 3822 habent
1115 3775 1173 3834 seg

127 3857 215 3921 dem
236 3875 344 3922 suam
365 3857 406 3923 in
426 3861 623 3926 vasculoso
653 3860 904 3944 potissimum
926 3866 1047 3926 textu.
1078 3859 1174 3944 Ery·

127 3961 290 4046 sipelas,
312 3968 445 4045 utpote
465 3962 724 4030 inflammatio
748 3965 828 4028 cuti
849 3963 1027 4049 propria,
1041 3981 1172 4046 superq

127 4063 257 4130 ficiem
291 4067 386 4148 corii
421 4067 606 4135 eitimam
641 4069 853 4152 plurimum
893 4073 1085 4153 occupem
1116 4071 1174 4135 est

90 4236 93 4245 ,
128 4173 245 4233 acuta
266 4171 517 4253 potissimum
533 4211 549 4252 y
566 4173 690 4239 rarius
714 4172 918 4252 chronica3
938 4169 1173 4246 resolutione

130 4277 197 4366 aut
228 4271 475 4343 exsudatione
506 4296 634 4346 setosa
666 4277 888 4372 frequenter
912 4277 1171 4382 terminatur}
