2902 4996
255 351 360 454 sior.
382 382 410 450 Ι.
433 385 698 488 suranorum
713 349 1043 462 aeserunium„
1106 397 1172 471 3⁴5

170 596 173 610 ,
216 523 433 606 satiarem,
464 547 577 616 quem
612 527 726 592 nervi
756 527 932 612 phrenici
970 547 1056 596 sum
1083 529 1172 612 pari
1254 609 1258 616 ι

215 637 353 722 quinto
376 637 510 700 fovent
520 679 533 716 ,
553 632 710 697 naribus
739 631 906 700 irritatis
940 633 1175 699 sternutatio

217 740 355 802 cietur.
375 735 486 818 Viget
506 734 549 820 in
566 735 756 821 morboso·
769 739 874 800 statu
899 733 1089 798 maximus
1114 733 1177 796 in·

214 847 276 908 ter
298 841 492 920 cerebrum
511 843 551 922 ¹et
577 837 837 904 ventriculum
865 838 1090 904 censensus:
1114 837 1175 901 in-

218 930 422 1012 flammato
442 946 510 1006 aut
532 959 745 1024 compresso
768 931 976 1022 encephalo
1005 936 1177 1002 vomitus
1204 923 1210 934 ’

218 1045 392 1133 sequitur
419 1042 699 1127 aeruginosus,
730 1048 768 1107 et
793 1041 969 1128 perducit
988 1039 1178 1108 stomachi

220 1131 413 1223 adfectis,
432 1150 475 1211 ut
503 1149 545 1210 in
575 1145 737 1210 saburra
755 1147 872 1211 toties
899 1146 1097 1224 videmus,
1121 1165 1180 1208 ce-

109 1251 119 1264 ‘
219 1251 375 1314 rebrum
409 1247 451 1310 in
483 1261 729 1312 consensum.
771 1247 1015 1312 Adfectiones
1052 1245 1178 1329 hypo·
1260 1267 1265 1278 ‘

41 1363 54 1391 '·
101 1368 107 1378 “
191 1344 475 1419 'chondriacae
498 1357 542 1414 et
570 1351 848 1437 hysterismus,
869 1351 911 1415 in
934 1347 1179 1435 gangliorum
1251 1373 1254 1377 ·

219 1465 428 1546 systemate
441 1456 674 1533 residentes,
685 1477 836 1522 sensum
850 1461 1049 1520 externum
1061 1460 1180 1538 atque

200 1583 203 1592 ¹
220 1565 417 1639 internum
437 1559 805 1643 in'compassionem
825 1557 1181 1644 adducunt-Plu·
1259 1628 1262 1642 ⁸

163 1733 166 1742 ,
218 1669 337 1735 rimas
359 1673 487 1732 autem
509 1667 753 1754 sympathias
777 1667 881 1731 inter
904 1663 1050 1750 organa
1073 1663 1181 1729 vitae
1277 1687 1279 1690 ·

219 1769 419 1857 utriusque
440 1772 520 1854 ipse
545 1771 659 1854 ponit
678 1791 819 1836 nervus
838 1765 1105 1857 sympathicus
1131 1769 1182 1850 ⁴),

226 1873 294 1958 qui
320 1873 434 1938 modo
466 1878 523 1937 ut
537 1859 865 1948 semiconduc'tor‚
887 1867 1001 1936 modo
1026 1888 1115 1934 vero
1135 1873 1182 1930 ut

222 1995 336 2039 uerus
373 1973 608 2050 conductor,
633 1957 774 2039 uexum
803 1974 917 2058 ponit
944 1971 1047 2036 inter
1076 1973 1194 2042 term„

155 2101 161 2114 ¹
222 2077 391 2141 braleet
409 2077 653 2162 gangli'orum
673 2075 1027 2163 systema(§.181.).
1050 2071 1183 2156 lungi-

194 2179 197 2186 “
221 2182 420 2244 turtenim
452 2202 537 2244 cum
553 2199 686 2248 'nervo
709 2200 809 2265 vago
822 2227 833 2262 ,
856 2199 940 2245 cum
968 2177 1098 2244 nervis
1125 2178 1183 2240 le·

223 2284 357 2366 ryngis·
378 2289 415 2346 et
437 2285 667 2370 oesophagiz
692 2285 782 2348 inde
800 2303 889 2368 ergo
909 2281 981 2358 fit,
1003 2288 1048 2348 ut
1068 2278 1184 2344 tussis

221 2389 470 2471 sympathica
493 2389 639 2456 oriatur
662 2411 686 2455 a
704 2384 915 2454 ventriculi
937 2387 1124 2462 saburra,
1146 2389 1186 2450 et

221 2495 395 2560 vicissim
414 2497 532 2561 tussis
562 2498 755 2563 intensior
781 2495 974 2560 vomitum
997 2479 1184 2568 concitet;

212 2595 313 2662 'inde
343 2599 462 2664 etiam
493 2606 570 2675 est,
591 2600 692 2686 quod
722 2622 746 2663 a
768 2591 943 2664 sordibus
964 2591 1184 2679 primarum
1224 2675 1231 2685 .

222 2700 375 2767 viarum
395 2707 433 2766 et
453 2701 541 2768 aliis
556 2703 634 2786 ejus
657 2702 940 2768 adfectionibus
962 2719 1078 2764 rauca
1099 2693 1185 2761 red·
1295 2689 1298 2696 ’

226 2801 340 2869 datur
360 2827 453 2887 vox,
473 2808 537 2871 vel
563 2807 740 2891 plenaria
760 2805 931 2888 aphonia
955 2803 1185 2876 inducamus

152 2921 157 2930 ·
225 2925 271 2970 ex
293 2927 337 2971 ea
365 2896 482 2972 etiam
507 2926 621 2971 causa
649 2909 818 2972 vomitus
850 2905 974 2971 oritur
1006 2905 1054 2968 ab
1085 2902 1184 2967 ideis

160 3017 163 3024 '
221 3010 440 3084 nauseosis‚
463 3011 511 3072 ab
534 3008 713 3074 odoribus
735 3009 921 3093 ingratis,
945 3014 985 3072 et
1009 3027 1033 3071 a
1062 3003 1186 3070 fauci-

223 3107 295 3171 bus
316 3109 494 3173 irritatis.
515 3109 689 3174 Nectitur
708 3109 812 3173 idem
833 3127 971 3176 nervus
991 3127 1077 3173 eum
1098 3107 1187 3192 pari

227 3210 510 3296 quintosquod
543 3211 690 3288 oeulos,
715 3233 849 3286 nares,
872 3229 1007 3276 cavum
1039 3211 1118 3277 oris
1145 3217 1183 3276 et

176 3311 179 3325 '
229 3313 361 3380 dentes
385 3317 488 3391 adit,
507 3315 693 3401 ponitque
720 3317 790 3380 has
820 3325 948 3400 partes
979 3307 1064 3379 cum
1087 3315 1185 3381 tubo

193 3438 196 3446 ·
225 3418 444 3484 intestineli
461 3419 505 3502 in
526 3421 804 3506 sympathiam.
828 3419 1072 3484 Advertimus
1091 3414 1186 3482 hine

226 3541 249 3583 a
271 3521 467 3588 veimibus
488 3527 526 3586 et
545 3523 726 3598 saburra,
750 3525 793 3587 in
815 3521 1062 3594 alimentario
1086 3521 1181 3584 tubo

226 3622 502 3710 haerentibus,
530 3625 722 3710 pupillam
752 3625 936 3705 dilatari,
956 3607 1206 3688 caecitatem'
1273 3647 1275 3661 ·

225 3725 343 3800 oriri,
372 3726 566 3808 pruritum
592 3726 775 3808 narium„
805 3728 952 3796 salivae
985 3725 1184 3791 ati-fluxum

226 3827 467 3907 uberiorem
489 3847 664 3912 saporem
682 3829 902 3914 ingratum,
924 3828 1100 3892 dentium
1116 3827 1184 3892 do-

228 3927 328 3994 lores
352 3951 395 3995 ae
414 3927 618 3996 stridorem
640 3937 710 3997 etc.
737 3929 908 3996 excitari.
940 3931 1182 3996 cohaeretis

230 4049 369 4096 nervus
390 4051 504 4114 porro
528 4050 749 4118 cumiuervo
769 4016 1007 4104 ischiadtw,
1028 4047 1101 4120 quo
1122 4028 1184 4090 vi·
1262 4099 1268 4108 Ι

226 4153 333 4198 scara
354 4133 620 4207 abdominalia
646 4152 731 4198 cum
751 4133 1060 4198 extremitatibus
1080 4131 1182 4194 infe·

138 4289 147 4313 ,
226 4236 395 4334 rioribus
416 4238 458 4302 in
478 4236 742 4331 sympathiam
762 4241 984 4326 ponunturr
1005 4231 1181 4301 videmus
