2920 4998
276 453 336 522 ²9⁰
357 425 500 516 Ltull.
520 429 609 497 Gar.
622 429 668 496 11.
689 425 960 497 Decianum.
978 429 1273 497 coenaremus.
1302 445 1317 509 χ

193 571 196 578 ’
274 577 426 662 aliquos
458 574 501 637 in
535 577 709 649 sortem,
738 571 1022 649 ventriculum,
1044 571 1166 659 hepar
1195 583 1234 642 et
1261 579 1312 644 li·

274 703 399 748 enem·
588 739 594 773 '

288 821 291 828 ⁴
355 823 397 914 9)
434 823 616 888 Plexus
648 822 1003 906 pulmonales:
1035 826 1312 906 posterior

268 950 368 1018 pone
391 929 554 1014 arterias
573 927 814 1010 pulmonaler
846 933 884 990 et
904 929 1090 992 bronchia
1114 931 1210 994 situs
1232 940 1314 1006 ests
1375 1015 1380 1024 .

268 1034 398 1102 mittit
417 1030 510 1096 duos
528 1029 690 1117 majores
710 1034 748 1092 et
766 1032 895 1112 plures
917 1031 1084 1094 minores
1104 1052 1230 1128 canios
1253 1033 1314 1097 in-

157 1121 159 1128 ,
248 1122 417 1206 'seriora
446 1124 595 1214 versu's,
617 1133 682 1218 qui
709 1133 750 1195 in
778 1125 939 1196 ne'rvum
962 1152 1102 1218 vagum
1134 1117 1314 1218 continu,

270 1249 399 1308 antur.
422 1238 573 1325 ¹Plenus
599 1235 855 1312 anterior,
885 1241 997 1326 ante,
1019 1235 1194 1321 interque
1229 1261 1316 1305 ma.

187 1359 189 1366 ’
218 1365 220 1374 ‘
269 1369 352 1434 gna
371 1345 601 1432 pulmonum
621 1363 712 1422 vasa
732 1342 900 1416 locatus,
920 1363 1003 1408 cum
1026 1348 1079 1430 pl.
1100 1347 1314 1430 posteriore

269 1449 460 1517 arterioso
480 1445 594 1527 hujus
613 1445 770 1513 visceris
790 1447 979 1529 prospicit
999 1451 1224 1532 systematis
1244 1471 1313 1512 ne-

270 1555 392 1619 ctitur
425 1541 544 1616 etiam
573 1569 658 1613 cum
674 1568 960 1638 nervovago,
982 1558 1095 1636 atque
1125 1553 1322 1635 plexunm,

211 1717 214 1724 ,
271 1659 533 1732 cardiacorum
547 1657 720 1738 o'pecum
733 1660 941 1740 systemate
963 1656 1204 1742 gangliorum
1219 1678 1313 1741 pro·

268 1763 354 1851 pria
374 1763 427 1832 sic
450 1761 565 1825 dicto.

346 1885 416 1992 ¹lo)
448 1905 632 1970 Plexus
657 1899 1212 1992 cardiacitprofundus
1248 1907 1312 1971 in-

162 2041 164 2048 ,
269 2007 332 2078 fr,
355 2015 504 2078 nortem
527 2013 565 2071 et
586 2005 748 2070 arterias
767 2005 1009 2088 pulmonales
1023 1997 1222 2080 situatur:
1245 2032 1311 2074 ex-

268 2093 457 2202 paniiitur
487 2113 531 2176 in
560 2107 708 2196 postica
735 2110 994 2174 auricularum
1031 2114 1207 2196 regione,
1232 2111 1310 2180 rin·

266 2219 329 2302 git
349 2216 531 2281 arteriam
555 2209 795 2276 coronariam
826 2211 1101 2293 posteriorem,
1123 2233 1208 2277 cum
1234 2236 1312 2301 qua

183 2306 186 2316 ¹
268 2321 392 2388 cordis
409 2319 514 2384 subit
532 2314 805 2381 substantiam.
838 2317 1104 2381 eommunicet
1126 2319 1157 2389 is
1178 2322 1310 2402 plexus

265 2449 335 2515 per
364 2405 532 2490 ramum
551 2420 865 2502 conjungentem,
901 2420 965 2505 qui
992 2414 1312 2505 magnus'cordis

266 2549 414 2598 nervus·
432 2525 574 2591 dicitur
585 2568 597 2602 ,
619 2542 703 2585 cum
722 2539 899 2604 supremo
920 2528 957 2586 et
977 2495 1104 2588 irradio
1127 2527 1310 2592 cervicali

265 2635 445 2724 ganglio,
461 2637 499 2696 et
517 2633 624 2695 fovet
646 2630 764 2702 etiam
789 2631 1094 2696 communionem
1116 2654 1200 2698 cum
1220 2639 1315 2716 pari·

268 2749 420 2806 octavo.
441 2738 576 2802 Plex'us
599 2735 806 2798 cardiacus
822 2755 905 2818 sup
920 2758 938 2799 e
954 2736 1094 2810 rior,
1111 2745 1201 2803 ante
1221 2763 1310 2807 aor-
1341 2739 1345 2744 ’

267 2854 350 2913 tam
370 2851 408 2909 et
428 2841 533 2907 intra
551 2839 743 2905 auriculas
765 2839 889 2903 cordis
923 2840 1096 2921 positus3
1119 2845 1309 2926 prospicit

266 2943 462 3014 auriculae
485 2946 659 3018 dextrae,
682 2962 854 3006 camerae
872 2939 1050 3018 dextrae,
1071 2953 1203 3011 eortae
1224 2949 1304 3012 ori·

265 3051 351 3138 gini
377 3057 415 3114 et
437 3049 641 3140 praecipue
678 3045 843 3150 arteriae
872 3048 1094 3112 coronariae
1126 3049 1306 3132 dextrae3

267 3153 396 3221 tendit
427 3152 515 3217 dein
538 3149 585 3214 ad
605 3149 817 3212 auriculam
848 3148 1069 3231 sinistram,
1093 3153 1140 3215 ad
1162 3153 1306 3238 margi·

266 3277 357 3324 nem
375 3256 555 3319 obtusum
578 3273 620 3316 ac
639 3258 789 3334 septum
814 3251 961 3324 cordis,
985 3252 1092 3317 etad
1120 3257 1307 3322 arteriam

268 3353 511 3449 coronarium
538 3357 750 3420 sinistram.
783 3358 1049 3424 communicat
1080 3357 1152 3422 iste
1172 3360 1306 3442 plexus

268 3485 354 3528 cum
382 3462 496 3546 plexu
523 3459 737 3544 profundo,
760 3480 843 3524 cum
875 3480 991 3526 nervo
1025 3479 1144 3544 vago,
1165 3467 1201 3526 et
1235 3459 1307 3544 op'e

271 3568 381 3634 nervi
408 3564 658 3648 superficialis
681 3563 824 3652 cordis⁴
840 3584 924 3628 cum
945 3566 1101 3652 ganglio
1126 3566 1309 3633 cervicali

267 3687 484 3768 supremos

266 3829 274 3843 ·
355 3814 1308 3901 11)Plexusnervorummollium3pro·

269 3919 386 4008 spicit
407 3918 560 3982 arteriis
580 3918 670 3980 colli
691 3927 728 3982 et
750 3917 909 4000 capitis;
932 3939 974 3982 eo
999 3921 1083 3984 loco
1103 3921 1199 3983 situs
1225 3925 1306 3994 est,

269 4025 340 4094 nbi
364 4022 503 4087 carotis
527 4023 567 4086 in
587 4027 784 4084 externam
811 4025 849 4084 et
877 4021 1069 4086 internam
1093 4019 1306 4099 dividitur3

266 4111 442 4210 inspersa
469 4123 544 4188 sibi
573 4121 692 4186 habet
722 4123 899 4206 ganglia,
921 4130 959 4187 et
985 4126 1188 4191 constituit
1219 4145 1307 4190 cen·

267 4239 370 4314 trum
393 4229 501 4318 quasi
521 4245 590 4306 pro
611 4225 960 4294 ramificatlonibus
983 4229 1161 4322 carotidis
1184 4235 1306 4294 exter-

266 4356 342 4410 nae
363 4341 400 4402 et
420 4333 652 4404 arteriarum
672 4331 872 4420 encephali
883 4379 895 4416 ,
922 4351 1013 4424 quas
1035 4337 1208 4408 relicuus
1231 4335 1308 4402 cin·
