2904 5004
261 397 367 483 brer.
387 415 444 479 IV.
467 418 525 482 Dr
547 431 782 482 srsrrnarr
803 387 1007 487 vasonum.
1096 434 1173 506 ¹4147
1227 431 1231 438 ’

218 569 260 652 o)
282 557 508 631 Verosimil‘e
531 571 609 640 est,
627 567 789 630 subtiles
810 569 1053 651 capillariam
1073 525 1173 640 aliter·
1278 603 1280 612 ⁴

130 674 280 738 riarum
306 675 475 736 surculos
499 671 556 734 ita
579 669 736 734 tandem
758 673 958 736 extenuari
969 691 985 748 ‚·
1002 680 1045 738 ut
1065 655 1177 740 nulla¹
1239 658 1241 667 ’

132 777 298 862 amplius
320 782 402 841 arte
424 775 544 839 oculis
565 775 675 850 sisti,
697 781 764 839 aut
793 775 1032 861 liquoribus,
1052 798 1174 863 quau-

98 887 362 962 ·tumcunque
402 861 644 952 subtilibus,
675 865 815 960 repleri
845 875 1015 960 possint,
1051 880 1176 966 siqui7

130 965 220 1042 clem
249 979 405 1066 hyalini
444 999 574 1043 eorum
595 978 762 1062 parietes
789 967 953 1044 resoluti
983 975 1112 1066 potius
1135 984 1177 1050 in

99 1141 101 1148 .
130 1071 392 1146 substantiam
413 1071 568 1164 penitus
589 1079 790 1153 transeant
813 1073 1059 1168 organicam,
1074 1086 1175 1168 ejus-

132 1195 205 1269 que
245 1183 537 1248 constitutivam
570 1179 746 1278 alliciant
774 1193 940 1276 partem.
981 1177 1172 1252 Subtilem

131 1293 287 1351 tantum
320 1299 527 1371 vaporemj
560 1293 633 1372 quo
666 1283 793 1372 paries
825 1285 1075 1370 nutriuntur,
1106 1277 1188 1357 va-¹

131 1390 238 1454 scula
258 1391 350 1456 haec
382 1389 598 1464 adducunt,
628 1411 697 1454 nec
721 1412 815 1474 opus
836 1381 999 1476 proinde
1033 1389 1111 1471 est,
1130 1387 1176 1460 ut

131 1513 220 1558 oum
240 1511 424 1556 venarum
444 1491 729 1558 communicent
754 1493 901 1567 initiisj
921 1496 1018 1560 tales
1040 1498 1177 1582 utique
1253 1494 1256 1502 ’

130 1594 345 1678 particulas
369 1593 582 1668 vehentia,
615 1614 711 1679 quae
745 1596 791 1688 ab
824 1614 1053 1680 organorum
1085 1600 1175 1665 sub-

130 1700 281 1764 stantia
316 1699 462 1766 attrahi
497 1700 612 1765 facile
642 1705 828 1782 possunt,
851 1707 919 1766 aut
949 1703 982 1766 si
1012 1701 1174 1770 idoneae

132 1803 344 1868 minueret
364 1791 578 1887 superfluae
597 1811 707 1879 sunt,
730 1825 798 1886 per
822 1806 1067 1890 lymphatica
1085 1831 1181 1874 vasa

133 1905 351 1982 resorberi,
374 1909 438 1971 vel
458 1906 705 1970 exhalatione
730 1907 838 1991 abigi
869 1907 1011 1974 ¹valent
1026 1889 1093 1993 Ἦ)

109 2121 115 2134 ,
215 2047 257 2131 3)
270 2044 479 2131 (lapillares
501 2045 663 2112 arterias
687 2047 729 2110 ln
750 2043 906 2112 vascula
929 2048 1035 2112 abire
1054 2069 1175 2114 secer·

132 2150 300 2230 nentia,
328 2135 376 2214 ob
407 2150 572 2214 nimiam
610 2149 783 2234 partium
814 2147 1094 2228 subtilitatem,
1131 2163 1179 2216 ne

133 2253 395 2336 microscopiis
416 2252 570 2337 quidem
588 2251 740 2316 ostendi
760 2259 913 2334 potest3
931 2254 1178 2317 observatioa

131 2357 248 2420 nibus
270 2362 401 2420 tamen
430 2356 609 2438 plurimis
637 2357 824 2446 transitus
848 2354 943 2436 iste,
968 2357 1010 2419 in
1033 2347 1175 2442 aliqui·
1264 2420 1273 2446 ,

131 2459 202 2524 bus
238 2460 376 2523 saltem
405 2459 520 2534 locis,
542 2457 719 2522 firmatus
741 2458 907 2525 videtur·
946 2459 1097 2524 Etenim
1119 2460 1181 2523 in-¹

130 2557 225 2644 jacti
256 2563 298 2628 in
332 2562 493 2625 arterias
525 2563 670 2625 renales
705 2562 873 2646 liquores
903 2562 1178 2644 perductulos

133 2664 367 2748 excretorias
406 2664 609 2748 papillaris
642 2650 883 2746 substantiae
917 2671 1076 2743 exeunt;
1098 2665 1173 2728 im-

131 2770 287 2855 pulsum
308 2767 351 2830 in
373 2768 556 2848 arteriam
583 2768 803 2849 hepaticam
835 2774 902 2831 aut
922 2786 1063 2831 venam
1082 2789 1173 2851 por-⁸

131 2877 265 2938 tarum
296 2869 583 2934 terebinthinae
617 2872 744 2944 oleum
767 2872 809 2934 in
832 2871 1009 2936 biliarios
1030 2874 1177 2936 transit

133 2973 419 3060 ductus,'‘qu0d
441 2975 566 3056 ipsum
596 2975 638 3037 in
671 2975 759 3038 aliis
786 2975 904 3038 etiam
933 2975 1178 3038 observatum

131 3078 214 3144 fuit
237 3073 520 3140 secernentibus
552 3077 705 3160 organis
736 3075 789 3162 c).·
822 3076 1077 3160 Begesserunt
1109 3097 1177 3138 au*

132 3184 214 3244 tem
247 3167 459 3244 anatomici
494 3165 576 3241 cell.
595 3218 606 3252 ‚
632 3167 844 3242 transitum
880 3167 982 3240 hunc
1014 3177 1172 3244 nonnisi

133 3284 219 3349 tum
242 3271 433 3357 accidere,
454 3282 521 3346 ubi
545 3281 753 3366 siphonum
778 3267 833 3344 vis
864 3283 1019 3344 vascula
1047 3302 1099 3354 ea,
1115 3303 1177 3346 rua

93 3413 95 3416 ·
133 3385 254 3470 perit:
279 3392 321 3449 at
350 3405 415 3451 cur
432 3392 526 3462 ¹tum
556 3383 698 3466 injecta
719 3401 844 3445 massa
872 3384 1014 3446 nonin
1040 3403 1176 3464 paren·
1235 3425 1238 3430 -

133 3493 316 3576 chymate
332 3490 461 3572 potius
481 3489 686 3554 effunditur
705 3503 957 3570 organorum,
972 3481 1071 3569 quod
1089 3483 1178 3549 fieri

130 3594 350 3660 necessario
385 3591 573 3658 deberet?
610 3589 927 3675 communionem
969 3587 1175 3650 arterioso·⁵

131 3711 220 3764 rum
253 3705 290 3763 et
325 3697 606 3766 secernentium
636 3693 878 3760 vasculorum
911 3696 1088 3754 cruentae
1120 3711 1176 3753 se-

133 3802 323 3869 cretiones
355 3823 512 3878 renum,
545 3815 824 3872 mammarum,
860 3785 1175 3860 membranarum

133 3912 464 3982 mucosarum‚=et
502 3895 668 3969 vicarius
692 3907 978 3966 menstruorum
1010 3903 1048 3960 et
1084 3897 1176 3960 haee

132 3999 409 4073 morrhoidalis
431 3997 576 4082 fluxus,
599 4006 639 4070 in
661 4004 837 4094 partibus
857 3999 1024 4096 diversis
1046 3991 1175 4062 obsera
1236 4017 1239 4026 ’

132 4113 263 4186 vatus,
283 4105 434 4193 penitus
458 4105 661 4181 evincunt,
682 4101 871 4188 siquidem
897 4102 1048 4166 credere
1068 4091 1174 4166 haud

131 4233 363 4296 possumus,
394 4214 439 4277 in
469 4209 673 4298 quibusvis
706 4204 901 4289 ejusm‘odi
922 4203 1075 4266 casibus
1104 4222 1175 4265 va-

132 4319 327 4381 sculorum
349 4315 519 4381 accidere
541 4293 740 4398 rupturas.
773 4309 855 4374 Non
882 4313 1015 4372 tamen
1034 4321 1176 4390 negare

907 4407 982 4472 Ka
