2902 4996
255 417 320 493 3⁰8
343 409 429 474 er.
441 403 488 471 11.
509 351 677 468 Caelii.
696 398 1268 464 iuerrru.srac1at.cousm.

259 551 392 618 omnia
431 545 612 614 electrica
648 541 952 628 phaenomena,
984 557 1071 601 cum
1109 534 1314 622 interjecti

259 655 509 720 conductores
542 633 759 724 siccantur3
784 643 906 725 major
935 639 1016 725 'ejus
1044 647 1102 706 eet
1131 641 1236 705 actio
1266 641 1313 706 in

259 760 527 840 temperatura¹
546 769 588 836 35
599 767 654 836 gr.
668 761 739 826 -Λο
749 766 806 832 gr.
834 732 884 810 R·
896 782 906 818 ‚
929 764 1046 831 quam
1066 742 1101 807 ei
1131 741 1316 828 deprensa

221 859 227 877 '
259 864 381 930 fuerit
406 859 498 931 ad}
507 877 564 944 gr.
587 875 657 920 ·1o
669 875 749 940 gr.;
772 853 813 916 in
844 851 932 915 a'e're
963 847 1152 935 oxygenio
1183 849 1314 912 multo

259 975 315 1034 est
338 961 559 1045 efficacior,
572 978 687 1047 quam
707 957 750 1020 in
762 953 1067 1038 atmosphaerico
1078 993 1090 1028 ‚
1102 971 1171 1015 nec
1184 952 1317 1016 ullum

260 1071 343 1136 edit
371 1069 546 1135 effectum
569 1066 611 1128 in
640 1063 787 1152 azotico
811 1061 872 1124 vel
900 1063 1106 1123 attenuato
1133 1059 1245 1133 eiire,
1274 1059 1319 1120 et

262 1174 454 1240 minuitur
475 1169 686 1235 manifeste
704 1163 886 1253 oxygonii
907 1163 1131 1250 quantitas,
1150 1163 1221 1226 ubi
1251 1181 1317 1227 co·

262 1274 400 1344 lomna
424 1296 469 1339 ea
490 1272 713 1357 recipiente
736 1267 932 1334 clauditur
957 1254 1067 1332 vitro
1089 1266 1152 1350 k).
1172 1297 1213 1316 -
1234 1266 1315 1330 Sub

242 1367 414 1446 'actione
444 1377 658 1443 Galvanica
683 1373 854 1440 laminae
885 1372 1128 1451 metallicae,
1157 1371 1317 1435 zinceae

263 1479 527 1564 praeprimis,
550 1477 800 1565 oxydantur,
831 1480 870 1539 et
906 1471 1061 1559 quidem
1097 1473 1223 1558 magia
1267 1494 1313 1537 eo

265 1589 462 1664 tempore,
494 1580 562 1645 uhi
584 1585 721 1644 catena
748 1578 884 1663 juncta
906 1579 973 1640 eat.
1006 1573 1149 1639 Deficit
1179 1579 1316 1641 autem

266 1684 468 1762 columnae
496 1681 831 1747 electromotoriae
868 1679 927 1742 vis
961 1697 1007 1742 ea
1035 1677 1316 1762 proportione,

164 1857 175 1874 ‚
268 1809 344 1874 qua
373 1790 459 1872 ipsa
487 1794 651 1873 augetur
687 1786 936 1851 lamellarum
964 1782 1172 1868 oxydatio,
1193 1783 1317 1860 adeo,

266 1899 312 1956 ut
336 1892 385 1955 iio
405 1893 506 1956 calce
527 1893 607 1974 iam
628 1889 828 1963 obductis,
848 1885 1115 1972 praesentibus
1137 1887 1230 1952 licet
1254 1909 1317 1951 re·

269 1995 387 2082 liquis
406 1993 678 2070 adminiculis,
697 1992 823 2056 omn-is
854 1992 1058 2054 evanescat
1080 1985 1240 2056 effectus
1261 1988 1315 2072 l).

353 2153 464 2237 Quod
502 2153 668 2218 alteram
697 2152 792 2217 lacit
818 2161 1027 2234 'corporum
1060 2147 1108 2214 ad
1138 2146 1318 2216 efficien-

269 2259 368 2322 tiam
387 2258 647 2322 Galvanicam
674 2257 930 2330 relationem,
951 2253 1092 2320 dantur
1117 2276 1264 2339 repar
1276 2279 1318 2320 a·

148 2361 151 2368 '
268 2365 410 2424 tores
432 2357 623 2444 (vitrum,
653 2361 826 2435 resinae,
846 2361 931 2426 olea
960 2358 1054 2444 etc.)
1078 2363 1115 2422 et
1138 2359 1319 2424 condu-

270 2466 554 2550 ctoremleti
574 2466 716 2530 iterum
742 2470 832 2532 eunt
857 2464 920 2527 vel
950 2463 1184 2547 perfecti
1214 2463 1317 2544 (rne-

269 2567 370 2632 talla
381 2610 393 2643 ,
413 2567 565 2651 carbo),
587 2567 654 2651 qui
675 2585 829 2630 omnem
849 2567 1016 2641 tollunt,
1037 2566 1104 2630 ubi
1136 2572 1317 2632 catenam

161 2675 172 2696 ,
270 2666 456 2752 iungunt,
487 2666 686 2744 effectum,
709 2669 772 2732 vel
803 2667 1127 2750 imperfecti,
1157 2669 1225 2754 qui
1247 2689 1319 2753 po·

270 2770 400 2833 lorum
425 2773 580 2833 tantum
608 2769 792 2834 minuunt
823 2769 1042 2854 energiam,
1073 2791 1152 2836 non
1186 2779 1321 2838 tamen

271 2867 474 2938 sufferunt.
506 2872 601 2936 Sunt
629 2877 761 2936 autem
790 2870 1038 2967 conductorps
1072 2873 1319 2958 imperfecti,

271 2973 442 3042 utl’aul·
471 2975 615 3040 Eanum
654 2975 799 3058 optime
829 2974 1105 3040 determinavit
1136 2979 1199 3064 m)
1218 3019 1230 3053 ,
1252 2979 1318 3043 vel
1447 2999 1448 3048 ξ

271 3079 580 3164 bipolaree,
611 3075 673 3141 vel
707 3079 1051 3159 unipolarese
1083 3079 1133 3142 ad
1167 3082 1318 3164 priores

271 3183 470 3270 pertinent
492 3197 591 3264 aqua
610 3186 647 3243 et
679 3180 797 3244 soluti
826 3181 866 3244 in
892 3201 936 3244 ea
966 3183 1062 3246 sales
1093 3184 1246 3265 neutri,
1265 3186 1320 3249 si·

265 3287 430 3372 ¹quidem
459 3283 639 3349 electrica
668 3283 879 3348 efficientia
906 3286 948 3350 in
971 3285 1065 3370 ipsis
1086 3287 1151 3351 his
1174 3286 1319 3354 condu·
1447 3269 1448 3280 ἵ

274 3391 445 3458 ctoribus
466 3387 507 3452 in
527 3388 618 3452 duae
641 3388 756 3452 abeat
775 3409 913 3466 zonas,
935 3411 1095 3476 quarum
1127 3415 1204 3458 una
1227 3393 1258 3466 i·
1281 3403 1320 3464 at
1447 3441 1448 3448 κ

273 3497 400 3562 altera
419 3491 498 3554 ·'-E
521 3490 689 3555 exhibet.
712 3492 939 3575 Unipolares
961 3493 1208 3560 conductores
1230 3498 1320 3563 uni·

274 3620 318 3664 ue
338 3621 375 3683 p.
394 3599 421 3662 E
442 3597 679 3672 conducunt,
692 3596 851 3661 alterius
876 3618 967 3662 vero
991 3601 1321 3682 reperantzflam.

273 3723 339 3767 ma
370 3700 530 3784 spiritus
553 3695 647 3763 ¹vini
687 3704 725 3763 et
761 3702 927 3766 aliorum
969 3707 1192 3788 corporum,
1222 3725 1320 3794 quae
1448 3697 1449 3712 ¹

38 3829 41 3836 ’
153 3875 160 3898 ,
274 3806 523 3898 carbonicum
556 3813 595 3871 et
623 3805 907 3892 hydrogenium
937 3813 1156 3894 continent,
1177 3821 1318 3884 Man·

275 3919 359 3976 tum
381 3909 560 3974 conducit
581 3912 632 3988 E;
654 3908 814 3973 flamma
837 3912 1072 3998 phosphori,
1093 3919 1239 3984 siccum
1263 3923 1318 3988 al·

273 4015 416 4083 humen
448 4022 486 4078 et
508 4035 599 4098 sapo
630 4015 750 4078 siccus
770 4017 857 4080 -.E
886 4016 1126 4103 conducunt,
1148 4031 1187 4090 et
1210 4047 1320 4110 aepa-

275 4129 365 4187 rant
386 4127 420 4182 ÷
436 4121 473 4184 Ε.
498 4118 723 4182 conducunt
746 4124 872 4186 autern
893 4125 1056 4206 perfecti
1078 4134 1115 4193 et
1137 4127 1319 4216 imperse-

276 4228 330 4294 cti
355 4224 549 4310 bipolares
581 4222 833 4292 conductores
863 4225 1123 4296 Galvaniearn
1153 4235 1319 4302 efficien-
