2904 5004
245 415 352 480 seer.
372 410 430 476 1v.
449 409 508 476 De
528 419 768 476 sescenare
788 423 996 476 vesonam.
1103 423 1161 488 137

119 557 182 624 nis
209 572 422 640 regressum
460 551 613 638 penitus
646 549 835 634 impedire
873 548 979 615 haud
1006 545 1163 634 veiente

119 660 210 726 talis
244 657 361 722 etiam
393 655 525 720 existit
549 656 651 718 inter
681 653 787 718 sinus
822 653 937 719 durae
968 653 1162 740 meningis

120 783 206 828 cum
227 758 529 844 temporalibus,
549 753 910 840 occipitelibus'etc.
930 753 1039 822 venis
1061 775 1163 820 com·

117 861 331 934 municatio
344 903 355 939 ,
375 882 470 947 quae
492 881 559 944 per
586 861 789 926 emissaria
818 881 934 939 vasa,
956 881 979 924 a
1010 861 1159 934 Sesto,

41 967 44 973 '
113 981 207 1034 mut
234 967 395 1030 inventa
429 964 551 1050 (tpp.
576 985 613 1028 n.
634 967 714 1054 53),
742 963 912 1047 ponitur.
945 963 1010 1026 Est
1032 967 1162 1036 autem

117 1073 297 1156 frequens
319 1089 503 1136 venarum
535 1069 792 1138 anastomosis
823 1071 933 1132 tanto
955 1067 1077 1151 magis
1098 1087 1163 1136 ne-¹

119 1175 304 1254 cessaria,
329 1193 414 1238 cunr
434 1195 529 1238 vasa
547 1175 643 1240 haec
660 1174 789 1238 miuus
820 1170 1011 1257 profunde
1032 1171 1163 1237 decure

116 1284 269 1354 rant,et
286 1277 500 1361 parietibus
522 1282 701 1342 constent
715 1277 843 1362 minus
857 1275 1027 1349 elasticis
1048 1294 1164 1361 quam
1263 1325 1267 1338 .
1318 1327 1321 1336 .

119 1381 296 1462 arteriae,
318 1378 498 1462 Deiectui
516 1380 609 1444 huic
632 1384 670 1445 et
691 1378 779 1444 aliis
800 1384 941 1443 natura
963 1378 1163 1464 prospexit

117 1483 376 1562 mediis‚cum
396 1485 523 1568 plures
544 1482 804 1548 constituisset
824 1503 1006 1550 venerum
1024 1503 1165 1557 ramos,

118 1593 234 1673 etque
254 1585 466 1672 generatim
489 1585 674 1667 majorem
695 1603 838 1650 venosa
862 1604 977 1671 quem
1001 1584 1165 1650 artorio·

118 1707 159 1758 so
187 1689 392 1775 systemati
424 1687 629 1759 tribuisset
659 1687 924 1773 capacitatem.
960 1689 1102 1750 Aortae
1125 1707 1164 1752 es

117 1791 204 1856 nim
227 1792 295 1854 uni
315 1790 411 1854 duae
433 1808 553 1855 venae
575 1809 721 1868 cavae,
751 1789 916 1856 arteriae
947 1787 1167 1872 pulmonali

118 1892 257 1958 unicae
278 1913 399 1958 venae
430 1898 592 1976 quatuor
625 1893 884 1980 autquinque
913 1891 1165 1974 respondent,

120 2003 160 2061 et
180 1997 300 2080 triplo
323 1979 451 2080 plures
471 1996 518 2090 ¹in
541 1996 857 2080 extremitatibus
882 1995 1022 2060 adsunt
1044 2014 1165 2060 venae

120 2119 237 2188 quam
259 2094 436 2164 arteriae.
461 2099 534 2162 Sua
556 2107 692 2183 sponte
713 2100 807 2167 hinc
827 2103 1023 2186 sequitur,
1046 2099 1166 2182 veno·

118 2225 204 2272 sum
218 2207 388 2290 systema
408 2202 594 2286 majorem
608 2203 751 2268 habere
773 2203 1028 2287 capacitatem
1049 2209 1167 2284 quem
1216 2243 1220 2251 =

118 2295 353 2376 arteriosum
372 2351 383 2388 ,
413 2326 509 2394 quae
545 2299 678 2370 taimen
717 2299 942 2370 differentia
972 2303 1014 2368 in
1044 2301 1166 2372 variis

119 2410 291 2496 corporis
318 2409 494 2495 partibus
527 2411 637 2475 varia
676 2429 715 2474 se
743 2409 863 2474 habet
894 2409 1072 2488 ratione,
1096 2425 1166 2472 nec

115 2519 192 2584 rite
214 2516 467 2582 determinari
489 2516 694 2601 potestt);
718 2521 844 2581 sumto
875 2521 1006 2581 tamen
1040 2516 1167 2590 calce,

117 2625 156 2690 lo
181 2623 308 2695 medio
334 2618 535 2706 proportio
557 2623 784 2706 capacitatis
809 2627 912 2691 inter
934 2625 1166 2706 arteriosum

118 2732 158 2792 et
174 2747 362 2822 venosum
383 2733 552 2812 systema
565 2731 608 2792 ut
627 2740 658 2804 4.
681 2729 728 2790 ad
750 2747 781 2813 9.
804 2730 923 2794 statui
947 2730 1167 2818 potest”).

117 2832 224 2914 Quae
243 2837 348 2895 recta
374 2829 611 2895 adscendunt
629 2851 760 2908 venae,
774 2839 811 2896 et
830 2832 1055 2916 sanguinem
1077 2852 1167 2896 con-

119 2941 184 2997 tra
202 2933 409 3026 gravitatis
431 2935 534 3022 teges
556 2933 656 3008 ferre
682 2931 842 3024 debent,
858 2924 1066 3022 ampliores
1086 2955 1165 3002 esse

121 3037 258 3104 solent.
590 3027 595 3038 ’
930 3033 932 3042 “

96 3201 100 3212 ’
205 3200 492 3266 Multo'minus
520 3200 641 3265 flexae
664 3205 752 3266 sunt
780 3169 901 3268 venais
924 3220 1038 3288 quam
1064 3206 1165 3266 arte·

121 3307 228 3380 riae,
268 3323 342 3392 quo
379 3297 579 3389 sanguinis
608 3305 683 3370 iter
712 3307 931 3372 facilitates
960 3313 998 3373 et
1024 3308 1164 3370 accele·
1230 3369 1235 3382 ,

121 3415 243 3490 ratur.
266 3409 511 3493 Respondent
542 3411 768 3496 plerumque
791 3413 944 3486 arteriis
973 3413 1164 3496 homony-

120 3513 219 3587 mis,
251 3496 408 3596 excepta
437 3532 536 3576 vena
567 3531 725 3599 azyga
755 3519 793 3581 et
823 3513 1162 3599 hemiazyga‚

120 3638 217 3705 quae
238 3623 441 3701 utramque
459 3611 599 3680 venam
622 3637 754 3682 cavam
776 3619 906 3705 jungit
927 3627 964 3684 et
986 3619 1164 3684 obstacu-

118 3721 182 3798 la,
208 3718 250 3782 in
271 3715 307 3784 e.
330 3739 423 3782 cava
441 3720 623 3785 inferiore
644 3723 772 3788 nefors
800 3725 961 3797 oborta,
981 3722 1089 3804 tollit
1110 3721 1164 3805 a).
1270 3749 1273 3756 ·

118 3827 244 3890 Multo
278 3824 555 3908 frequentiores
591 3833 796 3907 occurrunt
823 3827 863 3890 in
887 3827 1165 3911 venosisyste·

116 3927 236 3992 mstis
266 3927 543 3998 distributione
572 3931 859 4006 aberrationes,
883 3949 998 4016 quem
1030 3927 1162 4000 in'erq

118 4028 230 4094 teriis
242 4069 252 4104 ,
272 4049 346 4115 quo
366 4031 627 4115 imperfectior
650 4023 769 4098 etiam
791 4033 1063 4098 manifestetur
1082 4033 1164 4096 fore

118 4132 258 4196 matio.
281 4131 455 4198 Ceterum
476 4135 577 4199 rami
604 4136 739 4200 venosi
761 4135 879 4200 simul
895 4136 1019 4200 sumti
1040 4134 1161 4220 mejoe

118 4253 202 4300 rem
221 4235 339 4314 etiem
362 4237 509 4305 habent
534 4237 785 4324 capacitatem
810 4257 926 4325 quam
947 4243 1098 4320 trunci,
1119 4243 1163 4324 pt
