2904 5004
223 355 227 364 '
266 355 463 427 secr-111.
486 359 544 426 Dr
568 369 802 458 srsrtrusrr
825 371 1016 437 cursuros
1117 346 1196 454 ¹115,

140 508 216 572 sim
242 529 321 572 esse
352 511 509 587 solent,
539 527 658 600 quam
686 513 939 604 autumnales.
971 513 1187 588 Peculiaris,

137 632 253 687 vero,
285 613 464 678 omnibus
493 611 716 694 regionibus
750 593 790 677 et
815 615 1000 706 ,plurimis
1034 617 1182 688 animat

139 701 239 779 lium
260 701 483 800 'speciebus
488 717 702 780 communis
724 736 768 780 ea
788 725 844 787 est
863 720 1034 811 pilorum
1056 731 1186 788 muta

138 821 196 910 tio
209 861 220 896 ,
244 840 319 906 qua
338 825 531 885 senectute
559 795 761 902 ingruente
785 829 1002 904 canescunt.
1032 811 1184 914 Accidit

139 902 242 989 hoc
237 943 305 1007 pro
327 923 478 990 ratione
510 923 803 997 constitutionis
833 933 872 988 et
897 907 1185 992 haereditariae
1242 952 1245 964 ·

138 1029 367 1122 plurimum
375 1009 639 1112 dispositionis
662 1028 783 1092 serius
799 1035 865 1092 aut
878 1029 1006 1094 clilus
1028 1036 1061 1096 A
1081 1052 1186 1096 mor-

137 1133 201 1196 bis
232 1132 354 1196 acutis
375 1136 418 1195 ut
447 1132 523 1217 pili
553 1136 664 1216 saepe
697 1132 903 1214 excidunt,
921 1154 1033 1218 saepe
1064 1137 1183 1202 etiam

138 1239 370 1311 canescunt;
379 1234 442 1296 vel
460 1253 628 1298 maxime
649 1240 782 1298 autem
799 1237 1028 1318 pathemata
1046 1239 1185 1344 animi,
1248 1301 1250 1308 ,
1283 1248 1286 1255 “

138 1359 309 1413 moeror,
330 1336 515 1413 tristitia,
536 1339 757 1404 sollicitudo
780 1346 849 1404 etc.
873 1341 1057 1406 canitiem
1076 1333 1185 1410 intra

136 1457 304 1542 'paucum
324 1459 436 1526 saepe
459 1447 612 1524 tempus
626 1439 820 1532 inducunt
840 1444 895 1530 c).
929 1447 1050 1513 causa
1068 1445 1184 1540 hujus

138 1533 369 1610 mutationis
391 1543 572 1608 deficiens
602 1523 659 1608 est
668 1544 848 1627 pilorum
868 1549 1063 1629 nutritio,
1082 1553 1184 1616 unde

138 1641 311 1713 medulla
333 1635 540 1722 exhausta,
554 1650 640 1713 sola
658 1655 830 1714 remanet
847 1653 1045 1732 pellucida
1064 1663 1102 1719 et
1120 1680 1184 1722 ex·
1260 1682 1266 1692 ·

140 1754 249 1818 color
271 1751 505 1834 epidermls,
524 1771 600 1836 quo
622 1751 742 1814 etiam
759 1750 821 1824 fit,
842 1755 886 1814 ut
904 1752 977 1836 pili
998 1756 1183 1838 cylindri

143 1858 179 1948 ei
202 1863 317 1923 antea
341 1857 637 1937 complanentur
645 1897 658 1929 ,
681 1854 833 1920 fluxiles
854 1859 977 1941 magis
999 1863 1037 1923 et
1061 1859 1182 1996 fragi-¹

142 1943 207 2020 les
220 1956 440 2022 reddanturr

223 2105 425 2188 Vasculosi
455 2108 582 2190 tesius
611 2126 871 2208 praesentiam
903 2127 945 2200 in
976 2079 1184 2194 medullari

119 2225 315 2324 ‘pilorum
335 2223 596 2313 'substantia
585 2247 670 2309 ipsa
700 2229 819 2292 etiam
850 2230 1132 2313 reproductio
1122 2251 1183 2296 ιιι-

142 2330 264 2414 signis
294 2332 494 2396 ostendere
527 2329 700 2396 videtur·
724 2333 870 2396 etenim
903 2335 1093 2400 facillime
1123 2356 1184 2398 re-

139 2443 386 2515 nascuntur,
414 2417 644 2520 praesertim
679 2437 920 2518 capillitium
960 2443 998 2501 et
1028 2439 1151 2502 barba
1170 2471 1182 2514 ,·
1275 2514 1277 2520 ¹

142 2540 296 2630 aegrius
315 2541 407 2628 cilia
428 2543 465 2602 et
489 2538 707 2622 supercilia.
739 2539 884 2602 Dicunt
905 2539 1005 2622 pilos
1035 2541 1184 2605 evulsos¹

143 2651 183 2708 et
204 2663 324 2729 aquae
353 2644 545 2709 immissos
567 2643 716 2707 radices
746 2663 855 2728 agere
876 2649 927 2708 et·
942 2667 1048 2712 more
1067 2649 1181 2730 plan-

142 2753 272 2810 tarum
294 2765 480 2824 erescere3
502 2747 581 2812 imo
603 2752 715 2820 sunt,
734 2748 799 2830 qui
820 2753 908 2843 post
926 2734 1015 2812 Ar'i'
1026 2771 1041 2812 s
1055 2754 1072 2812 t
1085 2771 1105 2814 o
1118 2756 1135 2813 t
1147 2767 1183 2814 e-

142 2849 245 2911 lem
266 2849 509 2925 adserunt,a
535 2854 657 2912 morte
677 2857 841 2912 crevisse
862 2849 921 2931 d)
954 2850 1094 2932 Sponte
1119 2852 1187 2914 de·-
1218 2934 1223 2939 .

142 2952 328 3015 labuntur
367 2951 551 3026 senibus,
581 2957 624 3014 et
653 2949 885 3034 quibusdam
914 2949 1080 3014 familiis
1116 2961 1184 3018 aut

144 3055 344 3140 gentibus·
362 3055 477 3119 Parci
499 3059 587 3118 sunt
613 3046 691 3136 pili
707 3047 943 3114 animalibus
966 3051 1191 3119 calidarum·

142 3156 365 3248 regionum,
388 3157 587 3240 abundant
615 3173 705 3218 vero
728 3152 769 3215 in
790 3150 967 3234 frigidis,
991 3159 1027 3216 et
1049 3153 1185 3220 dicunt
1267 3159 1271 3172 ’
1317 3209 1321 3216 .

143 3363 202 3444 a).

232 3530 490 3610 corrugantur
510 3505 583 3608 pili
604 3509 640 3588 et
655 3489 885 3628 crispantur
907 3501 1034 3584 calore
1058 3518 1183 3603 majo

146 3621 203 3710 ri,
225 3635 442 3718 iterumque
464 3631 514 3695 in
527 3613 768 3695 rectilinium
797 3626 1088 3710 exporriguntur
1111 3630 1184 3704 bu·¹
1223 3684 1226 3688 .

143 3739 316 3804 mefacti.
353 3735 480 3820 Major
501 3733 639 3818 viget
628 3755 669 3796 ιιι
699 3729 791 3815 pilis
815 3730 986 3823 humidis
1021 3731 1185 3794 extensi·

143 3823 289 3911 bilitas
309 3861 423 3929 quam
445 3841 487 3904 in
519 3836 648 3911 siccis,
681 3841 719 3900 et
739 3833 945 3926 possident
970 3815 1037 3896 isti
1060 3833 1182 3916 majo

143 3955 228 4014 r'em
264 3948 550 4024 elasticitatem.
582 3939 765 4030 Firmitas
796 3943 900 4001 certo
926 3935 1090 4028 insignis
1127 3935 1209 4003 est,

144 4035 341 4123 crinibus,
370 4046 482 4130 adeo,
509 4051 552 4109 ut
570 4042 671 4135 pilus
703 4021 919 4118 humanus,
932 4037 1065 4101 With
1078 4039 1183 4106 osio

144 4159 333 4252 testante,
371 4157 533 4238 quatuor
563 4147 794 4217 semiuncias
835 4140 949 4208 facile
987 4123 1185 4209 sustineat

140 4245 343 4354 Crassities
373 4257 545 4370 maxima
565 4253 609 4316 in
635 4248 758 4336 nigris
785 4268 863 4314 esse
883 4245 981 4312 solet
1011 4244 1125 4329 pilis,
1139 4252 1178 4311 et

838 4357 840 4370 ’
923 4349 995 4413 Ha
1080 4369 1088 4381 ·

741 4509 915 4626 'l

145 3276 257 3324 canes
280 3257 432 3324 nostros
454 3260 495 3324 in
526 3235 697 3324 Africam
728 3256 938 3320 translatos
972 3257 1185 3321 calvescere
1288 3271 1292 3284 ’
1390 3345 1395 3354 .
