2904 5004
194 465 196 472 ,
287 395 403 488 [sacr.
424 393 488 456 111.
511 393 824 466 Dslsusrrusre
850 407 1042 458 cursuro.
1148 369 1205 480 99¹

587 541 617 612 s.
665 545 736 610 rur.

318 779 320 786 .
403 709 545 782 'nete
573 731 843 786 mucosum·
944 693 947 701 Ι

226 862 402 928 Alterum
437 865 496 925 est
527 858 625 924 cutis
657 853 856 942 stratum,
887 859 987 950 quod
1018 859 1190 949 papillae

143 963 307 1031 nervaas
328 971 367 1031 st
388 965 633 1031 vasculorum
653 973 735 1031 rete
747 1005 759 1043 ,
784 967 888 1034 corio
914 974 952 1034 et
982 949 1190 1054 epidermi-

144 1065 698 1150 diinterjecta,simul
736 1065 1192 1151 efformant,etdioitur

144 1175 527 1236 retemucosum
562 1170 1036 1259 s.Malpigbianum.
1068 1179 1192 1246 Docet

145 1271 303 1356 quidem
328 1273 507 1351 Bronnr,
538 1277 619 1338 reta
648 1293 847 1342 mucosum
878 1277 970 1344 solia
1005 1275 1191 1348 constitui

144 1375 356 1440 subtilibus
379 1376 544 1440 vasculis
568 1396 587 1441 e
613 1379 716 1474 corio
743 1383 1049 1465 emergentibus,
1071 1383 1192 1450 nibil-

145 1500 219 1564 que
249 1483 395 1546 mucosi
431 1480 547 1547 isthic
580 1481 743 1566 reperiri
775 1485 840 1572 Ἲς
871 1491 1023 1553 constat
1053 1493 1210 1553 tamen?

144 1582 614 1650 Oruikshankianis
638 1587 1079 1677 etSiimmerringii
1103 1613 1191 1678 per·

144 1685 493 1768 vestigationibus,
522 1707 721 1752 mucosum
746 1695 826 1754 rete
855 1691 1085 1758 distinctum
1110 1716 1190 1762 esse

145 1812 168 1854 a
197 1791 273 1855 reti
308 1793 539 1867 vasculoeo,
571 1790 672 1875 quod
713 1799 943 1875 apparatum
976 1795 1190 1862 nutritium
1298 1815 1302 1826 ·

145 1895 226 1977 eius
269 1894 503 1970 constituit,
543 1883 796 1981 succaasitdue
838 1896 952 1972 illis,
985 1917 1188 1962 mucosam

143 1997 349 2084 paginam,
372 1997 549 2061 alcobole
567 1997 651 2061 vini
674 1999 969 2080 condensatam,
990 2021 1013 2064 a
1031 1989 1105 2066 reti
1123 2023 1193 2066 ve·

144 2108 319 2184 oculose,
339 2103 439 2191 quod
459 2103 566 2187 prior
587 2100 730 2187 duplici
753 2110 874 2171 strato
895 2111 1070 2170 constare
1090 2126 1192 2171 com·

143 2210 246 2293 peril
258 2206 494 2288 ,sejunctam
514 2203 658 2271 sistere.
681 2207 873 2272 Adhaeret
894 2227 1093 2272 mucosum
1117 2208 1189 2270 hoc

144 2331 280 2394 corpus
302 2309 406 2375 corio
427 2309 550 2394 magis
572 2329 686 2395 quem
710 2305 961 2394 epidermidi,
974 2310 1138 2396 estque
1128 2330 1189 2374 rn-

143 2415 266 2478 terior
284 2409 361 2494 ejus
383 2408 501 2476 facies
521 2407 749 2494 profundius
769 2409 905 2478 tincta.
929 2411 1040 2476 Videt
1026 2418 1088 2476 tur
1101 2413 1191 2476 sub

144 2513 342 2576 tilissimie
382 2513 654 2612 capillaribus
669 2514 868 2593 vasculis,
904 2512 947 2578 in
983 2511 1192 2578 reticulum

145 2615 388 2698 complicatis
410 2619 604 2693 constare,
628 2631 788 2700 cumque
805 2617 1006 2702 pigmento
1038 2615 1190 2682 choroi·
1294 2619 1299 2628 “

146 2717 238 2784 deae
260 2729 297 2784 et
319 2719 429 2784 iridis
453 2735 656 2830 congruere
677 2711 752 2798 ss),

228 2863 259 2926 A
278 2879 432 2926 mucoso
461 2859 535 2924 hoc
551 2861 626 2925 reti
649 2862 747 2925 cutis
767 2857 955 2945 dependet
976 2859 1170 2931 variusco

144 2963 240 3042 lor
230 2984 271 3028 1n
296 2964 455 3028 diversis
488 2961 656 3038 eiusdem
679 2964 850 3046 corporis
881 2964 1081 3047 partibus3
1107 2968 1188 3034 imo

146 3067 185 3128 et
203 3066 311 3129 color⁴
327 3065 519 3141 diversus,
543 3084 616 3150 quo
638 3066 772 3130 variae
794 3059 963 3150 gaudent
993 3068 1187 3146 nationes,

147 3173 186 3232 et
212 3167 420 3233 varietates
450 3168 621 3233 hominis
645 3163 695 3248 (ς.
716 3167 816 3249 dd),
844 3166 1098 3248 pereundam
1122 3169 1188 3233 de·
1283 3155 1287 3172 ’

145 3266 381 3338 terminatur
401 3254 573 3366 textuum
593 3270 719 3352 ipsum
745 3273 874 3330 autem
899 3267 1046 3334 corium
1068 3273 1119 3331 et.
1129 3290 1191 3334 cu.

145 3371 269 3444 ticula
290 3375 416 3442 tincta
435 3367 579 3440 nullibi
602 3378 701 3437 sunt.
724 3366 880 3433 Videtur
902 3373 1031 3432 autem
1055 3373 1189 3440 varius

145 3478 239 3544 retis
273 3475 481 3562 Malpighii
507 3465 613 3541 color
640 3496 663 3538 a
684 3468 795 3538 varia
823 3467 1189 3553 inflammabilium,

145 3577 344 3658 carbonici
364 3567 568 3664 praecipue
589 3572 831 3672 quantitate,
853 3575 890 3640 et
903 3575 1021 3638 'vario
1044 3577 1189 3663 oxyda-

144 3685 266 3749 tionis
288 3683 409 3769 gradu
430 3680 660 3771 repetendus
686 3700 778 3744 esse.
801 3679 945 3742 Humor
969 3679 1093 3757 enim,
1122 3679 1204 3769 qui·

145 3783 188 3852 in
218 3788 293 3852 reti
325 3784 527 3850 vasculoso
559 3781 707 3847 mucosi
736 3781 863 3845 textus
893 3774 1047 3876 existit,
1099 3791 1188 3852 ento

143 3887 391 3976 progreditur
411 3904 523 3950 cursu
548 3885 586 3948 et
607 3883 673 3948 vix
694 3881 862 3963 amplius
884 3877 1009 3946 cordis
1039 3879 1210 3967 expleri-l

144 4001 209 4062 tur
238 3989 470 4076 impulsum3
498 3989 588 4086 inde
608 3983 729 4103 igitur
747 3980 816 4064 fit,
843 3989 887 4048 ut
907 3984 955 4047 ob
991 3979 1187 4058 defectum

145 4095 240 4162 novi
259 4099 295 4161 et
315 4091 476 4196 oxydati
496 4075 693 4174 sanguinis
717 4081 966 4152 carbonicum
989 4097 1191 4176 augeatur,

146 4204 248 4290 quod
269 4191 479 4288 oxydatum
502 4193 550 4260 ad
579 4191 740 4288 gradum
765 4199 937 4265 certum,
968 4193 1012 4254 ut
1035 4200 1185 4278 experi

146 4303 253 4372 entia
273 4305 381 4372 docet
392 4347 406 4381 ,
436 4308 566 4368 atrum
588 4291 770 4382 producit
789 4292 968 4462 colorerp3
990 4289 1185 4366 Firmatur

986 4414 1038 4464 α
