2902 4996
242 386 353 450 secr.
374 381 518 448 111111
542 392 657 446 sexos
677 393 730 446 ar
752 385 929 452 Δ11111111
953 385 1125 453 erronei
1151 389 1216 472 365
1310 369 1313 377 ’

164 508 313 586 riarum
334 509 466 592 pulsus
494 507 735 590 frequentes,
767 505 939 590 debiles,
971 513 1145 594 temporo
1174 519 1213 576 et
1335 575 1341 594 ,

108 627 111 638 ·
163 609 354 695 rhythmo
377 608 621 690 inaequales;
642 607 733 684 inde
755 615 793 674 et
825 611 1005 694 frequens
1028 651 1041 690 ,
1067 613 1209 694 imper·

160 716 264 780 fecta
296 718 428 776 tamen
460 712 558 775 aeris
585 711 816 794 respiratio,
850 720 887 778 et
920 711 1047 782 efficit
1077 716 1209 785 cadem

159 835 367 882 nervorum
392 814 616 887 mobilitas,
648 822 690 878 ut
719 815 860 882 locales
898 817 1209 900 partium-adfe-
1238 853 1242 865 ·

158 920 307 984 stiones
330 916 396 1000 p'er
421 920 645 982 universum
666 938 754 984 mex
774 921 1036 1014 propagentur
1058 943 1208 1009 corpus,

157 1031 275 1114 etque
296 1025 1208 1112 frequentesponanturmorbosaesympathiae

610 1189 639 1260 §-
683 1195 755 1266 254·

461 1342 962 1426 Aetasjuvenilis..

251 1489 408 1554 Retinet
429 1511 540 1552 suum
563 1491 857 1573 reproductivus
879 1492 1209 1592 processususque

154 1583 373 1680 pubertatis
388 1601 538 1676 tempus
553 1595 738 1679 vigorem,
755 1595 881 1694 donec
893 1609 1021 1684 partes
1035 1605 1210 1692 singulae

156 1715 267 1758 suam
300 1704 595 1777 consequantur
611 1681 918 1794 perfectionem
945 1707 1047 1771 lente
1076 1716 1209 1778 tamen

155 1813 292 1882 corpus
315 1798 429 1861 modo
451 1797 652 1876 increscit,
666 1807 705 1864 et
726 1811 914 1886 augentur
935 1807 1049 1872 vitae'
1055 1813 1207 1878 anima-

156 1902 220 1984 tis
230 1901 462 1965 functiones.
495 1902 646 1988 Maius'
638 1925 716 1986 Jam
738 1905 880 1989 viget
870 1929 910 1973 111
941 1915 1122 1982 musculis
1145 1937 1207 1982 ro·

154 2003 249 2078 bur,
269 2002 369 2067 unde
393 2003 645 2070 irritabilitas
672 2004 719 2068 ad
740 2027 873 2090 parem
898 2031 983 2089 cum
1007 2019 1206 2086 sensibili·

155 2111 237 2171 tate
259 2107 488 2190 provehitur
508 2101 692 2194 gradum,
718 2109 871 2200 ipsique
894 2125 1022 2185 motus
1043 2125 1207 2193 intensi·

155 2231 240 2275 ores
262 2213 488 2278 redduntur
520 2215 714 2280 Minuitur
744 2217 954 2286 humorum
988 2225 1174 2296 colluvies
1252 2285 1254 2290 .

154 2317 332 2398 partibus
358 2318 494 2382 solidis
516 2319 564 2383 ad
587 2321 772 2401 maiorem
794 2327 1094 2398 consistentiam
1124 2359 1209 2422 per·

156 2419 295 2486 ductis.
321 2425 483 2487 Cerehro
507 2431 545 2486 et
574 2447 753 2490 sensuum
787 2431 941 2514 organis
973 2441 1096 2522 magis
1124 2445 1206 2548 jann

153 2525 358 2608 perlectis,
383 2526 590 2592 facultates
618 2531 861 2611 explicantur
881 2544 1094 2622 mentale„
1128 2541 1206 2613 evi-

154 2624 397 2712 gilatanimi
430 2633 621 2708 attentio,
653 2639 787 2718 estque
820 2637 1010 2718 memoria
1041 2649 1211 2714 iecilis
1185 2697 1201 2752 ‚³

66 2747 70 2754 “
154 2741 388 2798 nontamen
411 2735 647 2798 adhucsatis
669 2742 826 2811 tenax,
834 2745 872 2802 et
908 2756 1069 2826 possunt
1091 2770 1206 2837 quae-

155 2833 216 2898 vis
241 2835 394 2898 animae
417 2836 523 2900 dotes
547 2837 619 2900 hac
642 2857 686 2900 ae
691 2845 771 2901 tate
795 2839 942 2922 optime
970 2852 1106 2915 excoli.
1130 2858 1205 2918 Au·

152 2943 216 2998 cta
237 2936 362 3000 cordis
394 2939 458 3012 vi,
491 2925 647 3017 sanguis
683 2934 768 3002 eum
804 2941 955 3024 impetu
986 2949 1133 3039 majore
1161 2953 1203 3017 in

151 3043 281 3117 partes
305 3038 495 3110 defertur,
516 3038 617 3101 unde
641 3041 1009 3128 haemorrhagiae
998 3072 1040 3115 111
1072 3073 1202 3119 muco-

117 3117 119 3201 ]
151 3137 204 3201 sis
226 3133 589 3221 superficiebus,1n
612 3143 771 3208 naribus
803 3151 1009 3234 praecipue
1040 3161 1082 3220 et·
1113 3159 1199 3241 pul·

152 3240 357 3318 monibus,
379 3249 494 3330 atque
515 3245 849 3317 inflammationes
884 3255 1036 3320 viarum
1070 3263 1200 3326 aerea·

149 3360 267 3420 rum,
288 3363 384 3430 quae
405 3351 560 3410 acutum
576 3347 826 3430 potissimum
859 3355 1008 3420 habent
1028 3343 1199 3444 typum,
1279 3361 1280 3368 '

151 3447 373 3533 frequentor
392 3457 592 3514 ocurrunt
612 3449 710 3516 Vasa
736 3455 1198 3540 lymphaticanimieed-
1252 3493 1257 3504 ·

152 3549 230 3614 huc
253 3551 423 3633 gaudent
445 3551 678 3616 absorbendi
700 3555 761 3627 vi,
782 3574 855 3641 quo
886 3552 1081 3646 hydropes
1115 3571 1200 3654 qui·

115 3680 118 3692 r
152 3651 242 3718 clem
260 3671 411 3730 rarius,
443 3661 555 3721 tanto
586 3677 678 3721 vero
711 3647 967 3746 frequentius
984 3673 1147 3754 morbi,
1175 3701 1200 3743 a

152 3759 348 3844 contagiis
369 3757 522 3835 oborti,
543 3759 691 3844 vigent.
835 3763 838 3774 '

233 3904 329 3968 Cum
353 3921 490 3988 corpus
509 3909 755 3972 suem-ferme
776 3917 1022 3990 consecutum
1035 3925 1095 3984 est
1114 3923 1207 3992 lon·.

151 4003 393 4090 31111ᾱί1111,
418 4013 456 4072 et
486 4015 615 4093 partes
647 4011 824 4093 singulae
843 4033 952 4082 suam
983 4022 1201 4106 attigeeurst

148 4109 449 4190 perfectionem,
455 4109 646 4194 genitalia
666 4116 790 4196 magis
810 4120 1054 4200 explicantur
1067 4134 1110 4191 et
1107 4149 1197 4200 sus-

149 4210 318 4279 citetur
308 4233 348 4276 m
362 4213 506 4316 iisvita
520 4215 688 4302 hrrcdum
701 4217 823 4302 ferme
836 4217 975 4292 latens
991 4229 1201 4315 Attingunt
1293 4243 1295 4250 ’

150 4307 305 4398 puellae
328 4317 549 4402 generatim
568 4315 682 4387 citius
703 4341 821 4448 quam
841 4329 955 4411 pueri
983 4335 1201 4416 pubertatis
