<?xml version="1.0" encoding="UTF-8"?>
<!DOCTYPE html PUBLIC "-//W3C//DTD XHTML 1.0 Transitional//EN"
    "http://www.w3.org/TR/xhtml1/DTD/xhtml1-transitional.dtd">
<html xmlns="http://www.w3.org/1999/xhtml" xml:lang="en" lang="en">
 <head>
  <title>
</title>
<meta http-equiv="Content-Type" content="text/html;charset=utf-8" />
  <meta name='ocr-system' content='tesseract 3.04.00' />
  <meta name='ocr-capabilities' content='ocr_page ocr_carea ocr_par ocr_line ocrx_word'/>
</head>
<body>
  <div class='ocr_page' id='page_1' title='image "./physiologiamedi02lenhgoog_0347.png"; bbox 0 0 2902 4996; ppageno 0'>
   <div class='ocr_carea' id='block_1_1' title="bbox 281 364 1274 504">
    <p class='ocr_par' dir='ltr' id='par_1_1' title="bbox 281 364 1274 504">
     <span class='ocr_line' id='line_1_1' title="bbox 281 364 1274 504; baseline -0.011 -15"><span class='ocrx_word' id='word_1_1' title='bbox 281 424 344 504; x_wconf 58' lang='grc' dir='ltr'><strong>με</strong></span> <span class='ocrx_word' id='word_1_2' title='bbox 365 423 453 488; x_wconf 71' lang='grc' dir='ltr'><strong>ιη.</strong></span> <span class='ocrx_word' id='word_1_3' title='bbox 473 422 520 486; x_wconf 87' lang='lat'><strong>11.</strong></span> <span class='ocrx_word' id='word_1_4' title='bbox 539 375 708 486; x_wconf 66' lang='lat' dir='ltr'><strong>cse&#39;w.</strong></span> <span class='ocrx_word' id='word_1_5' title='bbox 727 421 787 486; x_wconf 83' lang='lat' dir='ltr'><strong>m</strong></span> <span class='ocrx_word' id='word_1_6' title='bbox 807 364 968 484; x_wconf 53' lang='lat' dir='ltr'><strong>susus:</strong></span> <span class='ocrx_word' id='word_1_7' title='bbox 985 429 1114 484; x_wconf 77' lang='lat' dir='ltr'><strong>vmr</strong></span> <span class='ocrx_word' id='word_1_8' title='bbox 1131 403 1274 483; x_wconf 60' lang='lat' dir='ltr'><strong>ercis.</strong></span> 
     </span>
    </p>
   </div>
   <div class='ocr_carea' id='block_1_2' title="bbox 260 564 1353 979">
    <p class='ocr_par' dir='ltr' id='par_1_2' title="bbox 260 564 1353 979">
     <span class='ocr_line' id='line_1_2' title="bbox 298 564 1324 644; baseline -0.004 -7"><span class='ocrx_word' id='word_1_9' title='bbox 298 577 330 616; x_wconf 88' lang='lat'><strong>·&#39;</strong></span> <span class='ocrx_word' id='word_1_10' title='bbox 368 591 414 636; x_wconf 85' lang='lat' dir='ltr'><strong>ex</strong></span> <span class='ocrx_word' id='word_1_11' title='bbox 443 589 490 634; x_wconf 88' lang='lat' dir='ltr'><strong>eo</strong></span> <span class='ocrx_word' id='word_1_12' title='bbox 520 567 670 635; x_wconf 77' lang='lat' dir='ltr'><strong>dolores·</strong></span> <span class='ocrx_word' id='word_1_13' title='bbox 705 569 868 644; x_wconf 86' lang='lat' dir='ltr'><strong>colicos,</strong></span> <span class='ocrx_word' id='word_1_14' title='bbox 894 564 1166 644; x_wconf 79' lang='lat' dir='ltr'><strong>diarrhoeam,</strong></span> <span class='ocrx_word' id='word_1_15' title='bbox 1193 564 1324 634; x_wconf 86' lang='lat' dir='ltr'><strong>iscliu·</strong></span> 
     </span>
     <span class='ocr_line' id='line_1_3' title="bbox 343 671 1324 758; baseline -0.007 -15"><span class='ocrx_word' id='word_1_16' title='bbox 343 677 468 743; x_wconf 55' lang='lat' dir='ltr'><strong>·¹riam</strong></span> <span class='ocrx_word' id='word_1_17' title='bbox 500 681 568 739; x_wconf 66' lang='lat' dir='ltr'><strong>etos</strong></span> <span class='ocrx_word' id='word_1_18' title='bbox 600 675 719 754; x_wconf 87' lang='lat' dir='ltr'><strong>oriri,</strong></span> <span class='ocrx_word' id='word_1_19' title='bbox 747 693 835 738; x_wconf 88' lang='lat' dir='ltr'><strong>cum</strong></span> <span class='ocrx_word' id='word_1_20' title='bbox 863 671 978 758; x_wconf 79' lang='lat' dir='ltr'><strong>pedes</strong></span> <span class='ocrx_word' id='word_1_21' title='bbox 1017 671 1324 755; x_wconf 64' lang='lat' dir='ltr'>refrigerantur,</span> 
     </span>
     <span class='ocr_line' id='line_1_4' title="bbox 367 773 1353 864; baseline -0.005 -21"><span class='ocrx_word' id='word_1_22' title='bbox 367 785 482 864; x_wconf 84' lang='lat' dir='ltr'><strong>atque</strong></span> <span class='ocrx_word' id='word_1_23' title='bbox 500 779 831 864; x_wconf 82' lang='lat' dir='ltr'><strong>paralysin&#39;saepe</strong></span> <span class='ocrx_word' id='word_1_24' title='bbox 862 777 907 842; x_wconf 89' lang='lat' dir='ltr'><strong>in</strong></span> <span class='ocrx_word' id='word_1_25' title='bbox 935 776 1123 840; x_wconf 88' lang='lat' dir='ltr'><strong>alterutro</strong></span> <span class='ocrx_word' id='word_1_26' title='bbox 1145 773 1244 858; x_wconf 83' lang='lat' dir='ltr'><strong>pede</strong></span> <span class='ocrx_word' id='word_1_27' title='bbox 1264 795 1324 838; x_wconf 89' lang='lat' dir='ltr'><strong>su·</strong></span> <span class='ocrx_word' id='word_1_28' title='bbox 1347 837 1353 848; x_wconf 82' lang='grc'><strong>,</strong></span> 
     </span>
     <span class='ocr_line' id='line_1_5' title="bbox 260 880 1145 979; baseline -0.007 -32"><span class='ocrx_word' id='word_1_29' title='bbox 260 971 273 979; x_wconf 24' lang='grc' dir='ltr'><em>α</em></span> <span class='ocrx_word' id='word_1_30' title='bbox 363 884 588 968; x_wconf 79' lang='lat' dir='ltr'><strong>pervenire,</strong></span> <span class='ocrx_word' id='word_1_31' title='bbox 611 883 764 975; x_wconf 72' lang='lat' dir='ltr'><strong>adfecto</strong></span> <span class='ocrx_word' id='word_1_32' title='bbox 780 883 923 965; x_wconf 78' lang='lat' dir='ltr'><strong>hepate</strong></span> <span class='ocrx_word' id='word_1_33' title='bbox 940 883 1010 943; x_wconf 87' lang='lat' dir='ltr'><strong>aut</strong></span> <span class='ocrx_word' id='word_1_34' title='bbox 1030 880 1145 942; x_wconf 86' lang='lat' dir='ltr'><strong>liene.</strong></span> 
     </span>
    </p>
   </div>
   <div class='ocr_carea' id='block_1_3' title="bbox 163 1025 1427 4323">
    <p class='ocr_par' dir='ltr' id='par_1_3' title="bbox 163 1025 1328 2461">
     <span class='ocr_line' id='line_1_6' title="bbox 409 1025 1328 1118; baseline -0.009 -23"><span class='ocrx_word' id='word_1_35' title='bbox 409 1032 450 1118; x_wconf 76' lang='lat' dir='ltr'><strong>c)</strong></span> <span class='ocrx_word' id='word_1_36' title='bbox 471 1029 661 1095; x_wconf 76' lang='lat' dir='ltr'><strong>Maximus</strong></span> <span class='ocrx_word' id='word_1_37' title='bbox 690 1034 823 1094; x_wconf 87' lang='lat' dir='ltr'><strong>autem</strong></span> <span class='ocrx_word' id='word_1_38' title='bbox 852 1027 960 1112; x_wconf 81' lang='lat' dir='ltr'><strong>viget</strong></span> <span class='ocrx_word' id='word_1_39' title='bbox 989 1043 1193 1090; x_wconf 85' lang='lat' dir='ltr'><strong>consensus</strong></span> <span class='ocrx_word' id='word_1_40' title='bbox 1225 1025 1328 1090; x_wconf 88' lang='lat' dir='ltr'><strong>inter</strong></span> 
     </span>
     <span class='ocr_line' id='line_1_7' title="bbox 367 1129 1325 1218; baseline -0.007 -20"><span class='ocrx_word' id='word_1_41' title='bbox 367 1152 512 1217; x_wconf 81' lang='lat' dir='ltr'><strong>organa</strong></span> <span class='ocrx_word' id='word_1_42' title='bbox 549 1133 822 1218; x_wconf 86' lang='lat' dir='ltr'><strong>reproductiva</strong></span> <span class='ocrx_word' id='word_1_43' title='bbox 835 1177 848 1210; x_wconf 93' lang='lat'><em>,</em></span> <span class='ocrx_word' id='word_1_44' title='bbox 872 1129 1066 1218; x_wconf 76' lang='lat' dir='ltr'><strong>siquidem</strong></span> <span class='ocrx_word' id='word_1_45' title='bbox 1097 1130 1230 1212; x_wconf 83' lang='lat' dir='ltr'><strong>plexus</strong></span> <span class='ocrx_word' id='word_1_46' title='bbox 1264 1148 1325 1213; x_wconf 83' lang='lat' dir='ltr'><strong>sy-</strong></span> 
     </span>
     <span class='ocr_line' id='line_1_8' title="bbox 248 1237 1324 1316; baseline -0.007 -9"><span class='ocrx_word' id='word_1_47' title='bbox 248 1305 254 1314; x_wconf 88' lang='grc'><em>,</em></span> <span class='ocrx_word' id='word_1_48' title='bbox 367 1243 542 1308; x_wconf 80' lang='lat' dir='ltr'><strong>stematis</strong></span> <span class='ocrx_word' id='word_1_49' title='bbox 573 1243 836 1310; x_wconf 83' lang='lat' dir='ltr'><strong>abdominalis</strong></span> <span class='ocrx_word' id='word_1_50' title='bbox 858 1241 961 1316; x_wconf 80' lang='lat' dir='ltr'><strong>inter</strong></span> <span class='ocrx_word' id='word_1_51' title='bbox 982 1262 1022 1305; x_wconf 90' lang='lat' dir='ltr'><strong>se</strong></span> <span class='ocrx_word' id='word_1_52' title='bbox 1042 1239 1154 1306; x_wconf 87' lang='lat' dir='ltr'><strong>varia</strong></span> <span class='ocrx_word' id='word_1_53' title='bbox 1171 1237 1324 1304; x_wconf 80' lang='lat' dir='ltr'><strong>ratione</strong></span> 
     </span>
     <span class='ocr_line' id='line_1_9' title="bbox 297 1342 1326 1434; baseline -0.004 -28"><span class='ocrx_word' id='word_1_54' title='bbox 297 1397 302 1406; x_wconf 93' lang='lat'>.</span> <span class='ocrx_word' id='word_1_55' title='bbox 367 1346 564 1428; x_wconf 82' lang='lat' dir='ltr'><strong>conjuncti</strong></span> <span class='ocrx_word' id='word_1_56' title='bbox 593 1347 771 1434; x_wconf 81' lang='lat' dir='ltr'><strong>existant</strong></span> <span class='ocrx_word' id='word_1_57' title='bbox 795 1342 817 1427; x_wconf 89' lang='lat'>(</span> <span class='ocrx_word' id='word_1_58' title='bbox 827 1352 855 1424; x_wconf 59' lang='lat'><strong>§2</strong></span> <span class='ocrx_word' id='word_1_59' title='bbox 880 1353 951 1416; x_wconf 77' lang='lat'>180.</span> <span class='ocrx_word' id='word_1_60' title='bbox 966 1345 999 1428; x_wconf 90' lang='lat'><strong>).</strong></span> <span class='ocrx_word' id='word_1_61' title='bbox 1030 1344 1101 1407; x_wconf 86' lang='lat' dir='ltr'><strong>Vix</strong></span> <span class='ocrx_word' id='word_1_62' title='bbox 1120 1342 1230 1406; x_wconf 86' lang='lat' dir='ltr'><strong>enim</strong></span> <span class='ocrx_word' id='word_1_63' title='bbox 1249 1360 1326 1404; x_wconf 91' lang='lat' dir='ltr'><strong>una</strong></span> 
     </span>
     <span class='ocr_line' id='line_1_10' title="bbox 365 1447 1326 1538; baseline -0.006 -25"><span class='ocrx_word' id='word_1_64' title='bbox 365 1449 478 1530; x_wconf 79' lang='lat' dir='ltr'><strong>hujus</strong></span> <span class='ocrx_word' id='word_1_65' title='bbox 500 1451 726 1538; x_wconf 69' lang='lat' dir='ltr'><strong>systematis</strong></span> <span class='ocrx_word' id='word_1_66' title='bbox 744 1469 834 1533; x_wconf 88' lang='lat' dir='ltr'><strong>pars</strong></span> <span class='ocrx_word' id='word_1_67' title='bbox 855 1447 939 1512; x_wconf 89' lang='lat' dir='ltr'><strong>sine</strong></span> <span class='ocrx_word' id='word_1_68' title='bbox 958 1448 1129 1512; x_wconf 88' lang='lat' dir='ltr'><strong>aliarum</strong></span> <span class='ocrx_word' id='word_1_69' title='bbox 1153 1464 1326 1530; x_wconf 86' lang='lat' dir='ltr'><strong>compas-</strong></span> 
     </span>
     <span class='ocr_line' id='line_1_11' title="bbox 294 1547 1326 1642; baseline -0.009 -25"><span class='ocrx_word' id='word_1_70' title='bbox 294 1623 298 1630; x_wconf 53' lang='grc'><strong>,</strong></span> <span class='ocrx_word' id='word_1_71' title='bbox 366 1552 473 1616; x_wconf 87' lang='lat' dir='ltr'><strong>sione</strong></span> <span class='ocrx_word' id='word_1_72' title='bbox 497 1550 612 1642; x_wconf 82' lang='lat' dir='ltr'><strong>adfici</strong></span> <span class='ocrx_word' id='word_1_73' title='bbox 630 1557 770 1638; x_wconf 86' lang='lat' dir='ltr'><strong>potest.</strong></span> <span class='ocrx_word' id='word_1_74' title='bbox 803 1547 985 1617; x_wconf 83' lang='lat' dir='ltr'><strong>Efficitur</strong></span> <span class='ocrx_word' id='word_1_75' title='bbox 1007 1557 1140 1614; x_wconf 88' lang='lat' dir='ltr'><strong>autem</strong></span> <span class='ocrx_word' id='word_1_76' title='bbox 1164 1550 1242 1614; x_wconf 85' lang='lat' dir='ltr'><strong>hoc</strong></span> <span class='ocrx_word' id='word_1_77' title='bbox 1266 1565 1326 1609; x_wconf 87' lang='lat' dir='ltr'><strong>or.</strong></span> 
     </span>
     <span class='ocr_line' id='line_1_12' title="bbox 363 1653 1327 1746; baseline -0.006 -28"><span class='ocrx_word' id='word_1_78' title='bbox 363 1673 554 1739; x_wconf 79' lang='lat' dir='ltr'><strong>ganorum</strong></span> <span class='ocrx_word' id='word_1_79' title='bbox 577 1654 785 1746; x_wconf 81' lang='lat' dir='ltr'><strong>dynamico</strong></span> <span class='ocrx_word' id='word_1_80' title='bbox 816 1675 941 1732; x_wconf 83' lang='lat' dir='ltr'><strong>nexu,</strong></span> <span class='ocrx_word' id='word_1_81' title='bbox 960 1661 1004 1720; x_wconf 90' lang='lat' dir='ltr'><strong>ut</strong></span> <span class='ocrx_word' id='word_1_82' title='bbox 1029 1653 1252 1720; x_wconf 78' lang='lat' dir='ltr'><strong>functiones</strong></span> <span class='ocrx_word' id='word_1_83' title='bbox 1272 1671 1327 1714; x_wconf 86' lang='lat' dir='ltr'><strong>re·</strong></span> 
     </span>
     <span class='ocr_line' id='line_1_13' title="bbox 364 1743 1327 1842; baseline 0 -20"><span class='ocrx_word' id='word_1_84' title='bbox 364 1756 615 1842; x_wconf 85' lang='lat' dir='ltr'><strong>productivae</strong></span> <span class='ocrx_word' id='word_1_85' title='bbox 636 1761 676 1822; x_wconf 91' lang='lat' dir='ltr'><strong>in</strong></span> <span class='ocrx_word' id='word_1_86' title='bbox 694 1743 922 1823; x_wconf 82' lang='lat' dir='ltr'><strong>harmonico</strong></span> <span class='ocrx_word' id='word_1_87' title='bbox 944 1765 1147 1824; x_wconf 86' lang='lat' dir='ltr'><strong>serventur</strong></span> <span class='ocrx_word' id='word_1_88' title='bbox 1168 1776 1327 1822; x_wconf 88' lang='lat' dir='ltr'><strong>concen-</strong></span> 
     </span>
     <span class='ocr_line' id='line_1_14' title="bbox 365 1853 1326 1950; baseline -0.002 -26"><span class='ocrx_word' id='word_1_89' title='bbox 365 1865 514 1946; x_wconf 88' lang='lat' dir='ltr'><strong>tu,quo</strong></span> <span class='ocrx_word' id='word_1_90' title='bbox 536 1862 758 1950; x_wconf 80' lang='lat' dir='ltr'><strong>conspirare</strong></span> <span class='ocrx_word' id='word_1_91' title='bbox 779 1853 828 1924; x_wconf 82' lang='lat' dir='ltr'><strong>ad</strong></span> <span class='ocrx_word' id='word_1_92' title='bbox 846 1861 1072 1929; x_wconf 85' lang='lat' dir='ltr'><strong>universum</strong></span> <span class='ocrx_word' id='word_1_93' title='bbox 1093 1859 1223 1926; x_wconf 84' lang='lat' dir='ltr'><strong>debite</strong></span> <span class='ocrx_word' id='word_1_94' title='bbox 1241 1879 1326 1942; x_wconf 89' lang='lat' dir='ltr'><strong>pos-</strong></span> 
     </span>
     <span class='ocr_line' id='line_1_15' title="bbox 296 1961 1324 2052; baseline 0.002 -28"><span class='ocrx_word' id='word_1_95' title='bbox 296 2027 300 2038; x_wconf 60' lang='lat'><em>,</em></span> <span class='ocrx_word' id='word_1_96' title='bbox 367 1961 450 2025; x_wconf 89' lang='lat' dir='ltr'><strong>sint</strong></span> <span class='ocrx_word' id='word_1_97' title='bbox 483 1961 708 2046; x_wconf 85' lang='lat' dir='ltr'><strong>organicum</strong></span> <span class='ocrx_word' id='word_1_98' title='bbox 739 1983 969 2052; x_wconf 82' lang='lat' dir='ltr'><strong>processum.</strong></span> <span class='ocrx_word' id='word_1_99' title='bbox 1001 1965 1195 2028; x_wconf 77' lang='lat' dir='ltr'><strong>Plurimae</strong></span> <span class='ocrx_word' id='word_1_100' title='bbox 1225 1982 1324 2048; x_wconf 88' lang='lat' dir='ltr'><strong>sym·</strong></span> 
     </span>
     <span class='ocr_line' id='line_1_16' title="bbox 163 2063 1326 2154; baseline 0.007 -32"><span class='ocrx_word' id='word_1_101' title='bbox 163 2107 170 2122; x_wconf 90' lang='lat'><em>.</em></span> <span class='ocrx_word' id='word_1_102' title='bbox 292 2133 301 2144; x_wconf 32' lang='grc' dir='ltr'>ι</span> <span class='ocrx_word' id='word_1_103' title='bbox 368 2063 550 2150; x_wconf 84' lang='lat' dir='ltr'><strong>pathiae,</strong></span> <span class='ocrx_word' id='word_1_104' title='bbox 579 2086 676 2152; x_wconf 87' lang='lat' dir='ltr'><strong>quae</strong></span> <span class='ocrx_word' id='word_1_105' title='bbox 710 2068 753 2130; x_wconf 87' lang='lat' dir='ltr'><strong>in</strong></span> <span class='ocrx_word' id='word_1_106' title='bbox 779 2069 845 2133; x_wconf 86' lang='lat' dir='ltr'><strong>his</strong></span> <span class='ocrx_word' id='word_1_107' title='bbox 881 2069 1018 2154; x_wconf 81' lang='lat' dir='ltr'><strong>vigent</strong></span> <span class='ocrx_word' id='word_1_108' title='bbox 1051 2069 1233 2154; x_wconf 73' lang='lat' dir='ltr'><strong>organis,</strong></span> <span class='ocrx_word' id='word_1_109' title='bbox 1261 2087 1326 2150; x_wconf 90' lang='lat' dir='ltr'><strong>per</strong></span> 
     </span>
     <span class='ocr_line' id='line_1_17' title="bbox 367 2170 1326 2262; baseline -0.004 -26"><span class='ocrx_word' id='word_1_110' title='bbox 367 2191 429 2236; x_wconf 86' lang='lat' dir='ltr'><strong>eos</strong></span> <span class='ocrx_word' id='word_1_111' title='bbox 448 2171 543 2252; x_wconf 89' lang='lat' dir='ltr'><strong>poni</strong></span> <span class='ocrx_word' id='word_1_112' title='bbox 562 2170 745 2236; x_wconf 86' lang='lat' dir='ltr'><strong>videntur</strong></span> <span class='ocrx_word' id='word_1_113' title='bbox 767 2195 925 2249; x_wconf 87' lang='lat' dir='ltr'><strong>nervos,</strong></span> <span class='ocrx_word' id='word_1_114' title='bbox 946 2174 1015 2262; x_wconf 88' lang='lat' dir='ltr'><strong>qui</strong></span> <span class='ocrx_word' id='word_1_115' title='bbox 1033 2193 1127 2236; x_wconf 89' lang='lat' dir='ltr'><strong>vasa</strong></span> <span class='ocrx_word' id='word_1_116' title='bbox 1146 2171 1326 2236; x_wconf 88' lang='lat' dir='ltr'><strong>ambiunt</strong></span> 
     </span>
     <span class='ocr_line' id='line_1_18' title="bbox 292 2275 1327 2362; baseline -0.003 -22"><span class='ocrx_word' id='word_1_117' title='bbox 292 2347 298 2360; x_wconf 32' lang='lat'><strong><em>¹</em></strong></span> <span class='ocrx_word' id='word_1_118' title='bbox 348 2276 590 2362; x_wconf 47' lang='lat' dir='ltr'><strong>Jsanguifera</strong></span> <span class='ocrx_word' id='word_1_119' title='bbox 613 2275 663 2356; x_wconf 76' lang='lat'><strong>(=§·</strong></span> <span class='ocrx_word' id='word_1_120' title='bbox 686 2279 801 2360; x_wconf 70' lang='lat'>154),</span> <span class='ocrx_word' id='word_1_121' title='bbox 816 2278 918 2344; x_wconf 89' lang='lat' dir='ltr'><strong>unde</strong></span> <span class='ocrx_word' id='word_1_122' title='bbox 938 2278 1144 2361; x_wconf 80' lang='lat' dir='ltr'><strong>scriptores</strong></span> <span class='ocrx_word' id='word_1_123' title='bbox 1160 2275 1327 2342; x_wconf 88' lang='lat' dir='ltr'><strong>nonnul·</strong></span> 
     </span>
     <span class='ocr_line' id='line_1_19' title="bbox 359 2358 1325 2461; baseline -0.003 -21"><span class='ocrx_word' id='word_1_124' title='bbox 359 2368 395 2441; x_wconf 84' lang='lat' dir='ltr'><strong>&#39;li</strong></span> <span class='ocrx_word' id='word_1_125' title='bbox 412 2380 587 2461; x_wconf 85' lang='lat' dir='ltr'><strong>partium</strong></span> <span class='ocrx_word' id='word_1_126' title='bbox 607 2397 834 2445; x_wconf 87' lang='lat' dir='ltr'><strong>consensum</strong></span> <span class='ocrx_word' id='word_1_127' title='bbox 855 2401 877 2444; x_wconf 90' lang='lat' dir='ltr'><strong>a</strong></span> <span class='ocrx_word' id='word_1_128' title='bbox 894 2358 1325 2444; x_wconf 50' lang='lat' dir='ltr'><strong>saeorumcommunio·</strong></span> 
     </span>
    </p>

    <p class='ocr_par' dir='ltr' id='par_1_4' title="bbox 239 2471 1427 4323">
     <span class='ocr_line' id='line_1_20' title="bbox 296 2471 1427 2568; baseline -0.008 -20"><span class='ocrx_word' id='word_1_129' title='bbox 296 2541 299 2548; x_wconf 91' lang='lat'>.</span> <span class='ocrx_word' id='word_1_130' title='bbox 364 2501 413 2546; x_wconf 87' lang='lat' dir='ltr'><strong>ne</strong></span> <span class='ocrx_word' id='word_1_131' title='bbox 434 2486 623 2562; x_wconf 84' lang='lat' dir='ltr'><strong>repetunt.</strong></span> <span class='ocrx_word' id='word_1_132' title='bbox 647 2471 876 2568; x_wconf 86' lang='lat' dir='ltr'><strong>Frequentes</strong></span> <span class='ocrx_word' id='word_1_133' title='bbox 894 2488 1022 2546; x_wconf 88' lang='lat' dir='ltr'><strong>autem</strong></span> <span class='ocrx_word' id='word_1_134' title='bbox 1039 2479 1205 2554; x_wconf 87' lang='lat' dir='ltr'><strong>suut,in</strong></span> <span class='ocrx_word' id='word_1_135' title='bbox 1225 2481 1325 2543; x_wconf 85' lang='lat' dir='ltr'><strong>statu</strong></span> <span class='ocrx_word' id='word_1_136' title='bbox 1426 2515 1427 2556; x_wconf 58' lang='lat'>1</span> 
     </span>
     <span class='ocr_line' id='line_1_21' title="bbox 364 2583 1326 2674; baseline -0.006 -27"><span class='ocrx_word' id='word_1_137' title='bbox 364 2583 596 2674; x_wconf 80' lang='lat' dir='ltr'><strong>praeprimis</strong></span> <span class='ocrx_word' id='word_1_138' title='bbox 621 2590 872 2667; x_wconf 77' lang='lat' dir='ltr'><strong>aegrotante,</strong></span> <span class='ocrx_word' id='word_1_139' title='bbox 894 2587 994 2648; x_wconf 88' lang='lat' dir='ltr'><strong>inter</strong></span> <span class='ocrx_word' id='word_1_140' title='bbox 1025 2601 1172 2667; x_wconf 82' lang='lat' dir='ltr'><strong>organa</strong></span> <span class='ocrx_word' id='word_1_141' title='bbox 1198 2597 1326 2664; x_wconf 85' lang='lat' dir='ltr'><strong>repro·</strong></span> 
     </span>
     <span class='ocr_line' id='line_1_22' title="bbox 366 2683 1325 2774; baseline -0.006 -26"><span class='ocrx_word' id='word_1_142' title='bbox 366 2685 530 2750; x_wconf 87' lang='lat' dir='ltr'><strong>ductiva</strong></span> <span class='ocrx_word' id='word_1_143' title='bbox 578 2687 856 2770; x_wconf 86' lang='lat' dir='ltr'><strong>sympathiae‚</strong></span> <span class='ocrx_word' id='word_1_144' title='bbox 892 2689 1253 2774; x_wconf 86' lang='lat' dir='ltr'><strong>phaenomenorum</strong></span> <span class='ocrx_word' id='word_1_145' title='bbox 1289 2683 1325 2744; x_wconf 86' lang='lat' dir='ltr'><strong>et</strong></span> 
     </span>
     <span class='ocr_line' id='line_1_23' title="bbox 294 2777 1324 2878; baseline -0.009 -22"><span class='ocrx_word' id='word_1_146' title='bbox 294 2848 297 2856; x_wconf 31' lang='lat' dir='ltr'><strong>r</strong></span> <span class='ocrx_word' id='word_1_147' title='bbox 364 2794 671 2876; x_wconf 81' lang='lat' dir='ltr'><strong>symptomatum</strong></span> <span class='ocrx_word' id='word_1_148' title='bbox 698 2777 894 2854; x_wconf 83' lang='lat' dir='ltr'><strong>variorum</strong></span> <span class='ocrx_word' id='word_1_149' title='bbox 921 2809 1067 2878; x_wconf 78' lang='lat' dir='ltr'><strong>causae.</strong></span> <span class='ocrx_word' id='word_1_150' title='bbox 1104 2787 1163 2852; x_wconf 89' lang='lat' dir='ltr'><strong>Sic</strong></span> <span class='ocrx_word' id='word_1_151' title='bbox 1191 2783 1324 2852; x_wconf 89' lang='lat' dir='ltr'><strong>localis</strong></span> 
     </span>
     <span class='ocr_line' id='line_1_24' title="bbox 326 2879 1324 2968; baseline -0.003 -14"><span class='ocrx_word' id='word_1_152' title='bbox 326 2938 329 2946; x_wconf 26' lang='grc' dir='ltr'><strong><em>Δ</em></strong></span> <span class='ocrx_word' id='word_1_153' title='bbox 355 2879 576 2956; x_wconf 85' lang='lat' dir='ltr'><strong>·ventriculi</strong></span> <span class='ocrx_word' id='word_1_154' title='bbox 596 2897 665 2956; x_wconf 89' lang='lat' dir='ltr'><strong>aut</strong></span> <span class='ocrx_word' id='word_1_155' title='bbox 687 2895 846 2958; x_wconf 82' lang='lat' dir='ltr'><strong>alterius</strong></span> <span class='ocrx_word' id='word_1_156' title='bbox 872 2892 1028 2960; x_wconf 83' lang='lat' dir='ltr'><strong>visceris</strong></span> <span class='ocrx_word' id='word_1_157' title='bbox 1050 2890 1247 2968; x_wconf 84' lang='lat' dir='ltr'><strong>adfectio,</strong></span> <span class='ocrx_word' id='word_1_158' title='bbox 1266 2888 1324 2952; x_wconf 90' lang='lat' dir='ltr'><strong>in·</strong></span> 
     </span>
     <span class='ocr_line' id='line_1_25' title="bbox 366 2995 1322 3080; baseline -0.008 -18"><span class='ocrx_word' id='word_1_159' title='bbox 366 2995 609 3073; x_wconf 82' lang='lat' dir='ltr'><strong>flammatio,</strong></span> <span class='ocrx_word' id='word_1_160' title='bbox 638 2999 869 3080; x_wconf 81' lang='lat' dir='ltr'><strong>suppuratio</strong></span> <span class='ocrx_word' id='word_1_161' title='bbox 900 3006 973 3062; x_wconf 89' lang='lat' dir='ltr'><strong>etc.</strong></span> <span class='ocrx_word' id='word_1_162' title='bbox 1009 2996 1236 3061; x_wconf 86' lang='lat' dir='ltr'><strong>universum</strong></span> <span class='ocrx_word' id='word_1_163' title='bbox 1265 3007 1322 3076; x_wconf 83' lang='lat' dir='ltr'><strong>sy·</strong></span> 
     </span>
     <span class='ocr_line' id='line_1_26' title="bbox 364 3097 1321 3188; baseline -0.011 -19"><span class='ocrx_word' id='word_1_164' title='bbox 364 3109 489 3170; x_wconf 89' lang='lat' dir='ltr'><strong>stema</strong></span> <span class='ocrx_word' id='word_1_165' title='bbox 521 3101 775 3180; x_wconf 57' lang='lat' dir='ltr'><strong>arteriasue„</strong></span> <span class='ocrx_word' id='word_1_166' title='bbox 793 3105 995 3188; x_wconf 84' lang='lat' dir='ltr'><strong>ipsumque</strong></span> <span class='ocrx_word' id='word_1_167' title='bbox 1018 3120 1080 3165; x_wconf 89' lang='lat' dir='ltr'><strong>cor</strong></span> <span class='ocrx_word' id='word_1_168' title='bbox 1102 3101 1146 3163; x_wconf 92' lang='lat' dir='ltr'><strong>in</strong></span> <span class='ocrx_word' id='word_1_169' title='bbox 1167 3097 1321 3162; x_wconf 81' lang='lat' dir='ltr'><strong>consen·</strong></span> 
     </span>
     <span class='ocr_line' id='line_1_27' title="bbox 364 3200 1320 3280; baseline -0.009 -9"><span class='ocrx_word' id='word_1_170' title='bbox 364 3226 449 3272; x_wconf 88' lang='lat' dir='ltr'><strong>sum</strong></span> <span class='ocrx_word' id='word_1_171' title='bbox 471 3200 656 3280; x_wconf 79' lang='lat' dir='ltr'><strong>trahunt,</strong></span> <span class='ocrx_word' id='word_1_172' title='bbox 677 3209 865 3272; x_wconf 86' lang='lat' dir='ltr'><strong>suscitant</strong></span> <span class='ocrx_word' id='word_1_173' title='bbox 886 3205 1043 3270; x_wconf 82' lang='lat' dir='ltr'><strong>febrim.</strong></span> <span class='ocrx_word' id='word_1_174' title='bbox 1066 3206 1111 3268; x_wconf 93' lang='lat' dir='ltr'><strong>In</strong></span> <span class='ocrx_word' id='word_1_175' title='bbox 1131 3201 1206 3266; x_wconf 89' lang='lat' dir='ltr'><strong>tali</strong></span> <span class='ocrx_word' id='word_1_176' title='bbox 1226 3215 1320 3266; x_wconf 81' lang='lat' dir='ltr'><strong>nexu</strong></span> 
     </span>
     <span class='ocr_line' id='line_1_28' title="bbox 362 3297 1321 3394; baseline -0.013 -19"><span class='ocrx_word' id='word_1_177' title='bbox 362 3313 458 3376; x_wconf 79' lang='lat' dir='ltr'><strong>sunt</strong></span> <span class='ocrx_word' id='word_1_178' title='bbox 478 3328 585 3372; x_wconf 86' lang='lat' dir='ltr'><strong>renes</strong></span> <span class='ocrx_word' id='word_1_179' title='bbox 608 3328 695 3372; x_wconf 89' lang='lat' dir='ltr'><strong>cum</strong></span> <span class='ocrx_word' id='word_1_180' title='bbox 715 3314 853 3385; x_wconf 88' lang='lat' dir='ltr'><strong>utero,</strong></span> <span class='ocrx_word' id='word_1_181' title='bbox 879 3328 1040 3394; x_wconf 89' lang='lat' dir='ltr'><strong>cumque</strong></span> <span class='ocrx_word' id='word_1_182' title='bbox 1060 3305 1153 3370; x_wconf 81' lang='lat' dir='ltr'><strong>tubo</strong></span> <span class='ocrx_word' id='word_1_183' title='bbox 1172 3297 1321 3366; x_wconf 88' lang='lat' dir='ltr'><strong>intesti-</strong></span> 
     </span>
     <span class='ocr_line' id='line_1_29' title="bbox 243 3402 1322 3502; baseline -0.011 -24"><span class='ocrx_word' id='word_1_184' title='bbox 243 3419 247 3426; x_wconf 90' lang='lat'>&#39;</span> <span class='ocrx_word' id='word_1_185' title='bbox 295 3469 298 3502; x_wconf 22' lang='grc' dir='ltr'>ἶ</span> <span class='ocrx_word' id='word_1_186' title='bbox 367 3410 472 3491; x_wconf 86' lang='lat' dir='ltr'><strong>nali;</strong></span> <span class='ocrx_word' id='word_1_187' title='bbox 508 3408 610 3474; x_wconf 90' lang='lat' dir='ltr'><strong>unde</strong></span> <span class='ocrx_word' id='word_1_188' title='bbox 640 3411 689 3474; x_wconf 83' lang='lat' dir='ltr'><strong>iis</strong></span> <span class='ocrx_word' id='word_1_189' title='bbox 714 3408 970 3476; x_wconf 85' lang='lat' dir='ltr'><strong>inflammatis</strong></span> <span class='ocrx_word' id='word_1_190' title='bbox 1000 3409 1132 3474; x_wconf 89' lang='lat' dir='ltr'><strong>omnia</strong></span> <span class='ocrx_word' id='word_1_191' title='bbox 1160 3403 1242 3470; x_wconf 81' lang='lat' dir='ltr'><strong>fere</strong></span> <span class='ocrx_word' id='word_1_192' title='bbox 1266 3402 1322 3466; x_wconf 90' lang='lat' dir='ltr'><strong>vi·</strong></span> 
     </span>
     <span class='ocr_line' id='line_1_30' title="bbox 364 3506 1319 3585; baseline -0.01 -7"><span class='ocrx_word' id='word_1_193' title='bbox 364 3533 471 3579; x_wconf 79' lang='lat' dir='ltr'><strong>scere</strong></span> <span class='ocrx_word' id='word_1_194' title='bbox 500 3511 768 3576; x_wconf 87' lang='lat' dir='ltr'><strong>abdominalia</strong></span> <span class='ocrx_word' id='word_1_195' title='bbox 798 3511 1118 3585; x_wconf 83' lang='lat' dir='ltr'><strong>inflammantur,</strong></span> <span class='ocrx_word' id='word_1_196' title='bbox 1140 3514 1179 3572; x_wconf 88' lang='lat' dir='ltr'><strong>et</strong></span> <span class='ocrx_word' id='word_1_197' title='bbox 1200 3506 1319 3574; x_wconf 85' lang='lat' dir='ltr'><strong>oritur</strong></span> 
     </span>
     <span class='ocr_line' id='line_1_31' title="bbox 299 3609 1334 3698; baseline -0.01 -18"><span class='ocrx_word' id='word_1_198' title='bbox 299 3675 304 3691; x_wconf 87' lang='lat'><em>,</em></span> <span class='ocrx_word' id='word_1_199' title='bbox 365 3633 479 3698; x_wconf 84' lang='lat' dir='ltr'><strong>saepe</strong></span> <span class='ocrx_word' id='word_1_200' title='bbox 524 3614 728 3691; x_wconf 82' lang='lat' dir='ltr'><strong>ischuria,</strong></span> <span class='ocrx_word' id='word_1_201' title='bbox 754 3615 850 3680; x_wconf 85' lang='lat' dir='ltr'><strong>tubo</strong></span> <span class='ocrx_word' id='word_1_202' title='bbox 887 3612 1112 3678; x_wconf 86' lang='lat' dir='ltr'><strong>intestinali</strong></span> <span class='ocrx_word' id='word_1_203' title='bbox 1152 3609 1334 3683; x_wconf 56' lang='lat' dir='ltr'><strong>adfectu,</strong></span> 
     </span>
     <span class='ocr_line' id='line_1_32' title="bbox 366 3715 1319 3801; baseline -0.01 -17"><span class='ocrx_word' id='word_1_204' title='bbox 366 3717 578 3801; x_wconf 84' lang='lat' dir='ltr'><strong>suppressis</strong></span> <span class='ocrx_word' id='word_1_205' title='bbox 618 3716 707 3792; x_wconf 83' lang='lat' dir='ltr'><strong>dein</strong></span> <span class='ocrx_word' id='word_1_206' title='bbox 737 3719 972 3795; x_wconf 88' lang='lat' dir='ltr'><strong>menstruis,</strong></span> <span class='ocrx_word' id='word_1_207' title='bbox 1002 3719 1066 3782; x_wconf 88' lang='lat' dir='ltr'><strong>vel</strong></span> <span class='ocrx_word' id='word_1_208' title='bbox 1097 3715 1204 3781; x_wconf 84' lang='lat' dir='ltr'><strong>fluxu</strong></span> <span class='ocrx_word' id='word_1_209' title='bbox 1233 3715 1319 3781; x_wconf 87' lang='lat' dir='ltr'><strong>hae·</strong></span> 
     </span>
     <span class='ocr_line' id='line_1_33' title="bbox 365 3814 1319 3904; baseline -0.008 -18"><span class='ocrx_word' id='word_1_210' title='bbox 365 3818 648 3894; x_wconf 88' lang='lat' dir='ltr'><strong>morrhoidali‚</strong></span> <span class='ocrx_word' id='word_1_211' title='bbox 671 3819 804 3883; x_wconf 86' lang='lat' dir='ltr'><strong>mietio</strong></span> <span class='ocrx_word' id='word_1_212' title='bbox 835 3827 993 3886; x_wconf 87' lang='lat' dir='ltr'><strong>cruenta</strong></span> <span class='ocrx_word' id='word_1_213' title='bbox 1015 3820 1238 3904; x_wconf 78' lang='lat' dir='ltr'><strong>frequentet</strong></span> <span class='ocrx_word' id='word_1_214' title='bbox 1255 3814 1319 3878; x_wconf 90' lang='lat' dir='ltr'><strong>ob·</strong></span> 
     </span>
     <span class='ocr_line' id='line_1_34' title="bbox 239 3917 1319 4008; baseline -0.008 -17"><span class='ocrx_word' id='word_1_215' title='bbox 239 3949 242 3954; x_wconf 92' lang='lat'>·</span> <span class='ocrx_word' id='word_1_216' title='bbox 368 3923 504 3990; x_wconf 83' lang='lat' dir='ltr'><strong>oritur.</strong></span> <span class='ocrx_word' id='word_1_217' title='bbox 526 3922 739 4006; x_wconf 78' lang='lat' dir='ltr'><strong>Singularis</strong></span> <span class='ocrx_word' id='word_1_218' title='bbox 763 3923 853 3996; x_wconf 81' lang='lat' dir='ltr'><strong>dein</strong></span> <span class='ocrx_word' id='word_1_219' title='bbox 871 3922 1096 4007; x_wconf 70' lang='lat' dir='ltr'><strong>vigeointer</strong></span> <span class='ocrx_word' id='word_1_220' title='bbox 1114 3927 1266 4008; x_wconf 65' lang='lat' dir='ltr'><strong>uterum</strong></span> <span class='ocrx_word' id='word_1_221' title='bbox 1285 3917 1319 3982; x_wconf 76' lang='lat' dir='ltr'><strong>rt</strong></span> 
     </span>
     <span class='ocr_line' id='line_1_35' title="bbox 298 4009 1316 4106; baseline -0.007 -15"><span class='ocrx_word' id='word_1_222' title='bbox 298 4089 303 4100; x_wconf 86' lang='grc'>,</span> <span class='ocrx_word' id='word_1_223' title='bbox 340 4043 570 4106; x_wconf 63' lang='lat' dir='ltr'><strong>,mammam</strong></span> <span class='ocrx_word' id='word_1_224' title='bbox 597 4045 820 4106; x_wconf 58' lang='lat' dir='ltr'><strong>consensum</strong></span> <span class='ocrx_word' id='word_1_225' title='bbox 842 4032 992 4099; x_wconf 84' lang='lat' dir='ltr'><strong>tumere</strong></span> <span class='ocrx_word' id='word_1_226' title='bbox 1023 4025 1129 4090; x_wconf 85' lang='lat' dir='ltr'><strong>enim</strong></span> <span class='ocrx_word' id='word_1_227' title='bbox 1157 4009 1232 4088; x_wconf 79' lang='lat' dir='ltr'><strong>liae</strong></span> <span class='ocrx_word' id='word_1_228' title='bbox 1260 4038 1316 4084; x_wconf 86' lang='lat' dir='ltr'><strong>so·</strong></span> 
     </span>
     <span class='ocr_line' id='line_1_36' title="bbox 366 4123 1317 4212; baseline -0.016 -16"><span class='ocrx_word' id='word_1_229' title='bbox 366 4131 449 4196; x_wconf 87' lang='lat' dir='ltr'><strong>lent</strong></span> <span class='ocrx_word' id='word_1_230' title='bbox 468 4129 662 4212; x_wconf 74' lang='lat' dir='ltr'><strong>mensium</strong></span> <span class='ocrx_word' id='word_1_231' title='bbox 680 4128 788 4196; x_wconf 84' lang='lat' dir='ltr'><strong>fluxu</strong></span> <span class='ocrx_word' id='word_1_232' title='bbox 805 4129 1056 4200; x_wconf 85' lang='lat' dir='ltr'><strong>imminente,</strong></span> <span class='ocrx_word' id='word_1_233' title='bbox 1068 4131 1106 4192; x_wconf 88' lang='lat' dir='ltr'><strong>et</strong></span> <span class='ocrx_word' id='word_1_234' title='bbox 1123 4123 1317 4192; x_wconf 87' lang='lat' dir='ltr'><strong>secernunt</strong></span> 
     </span>
     <span class='ocr_line' id='line_1_37' title="bbox 366 4230 1314 4323; baseline -0.005 -31"><span class='ocrx_word' id='word_1_235' title='bbox 366 4231 448 4310; x_wconf 79' lang='lat' dir='ltr'><strong>lac,</strong></span> <span class='ocrx_word' id='word_1_236' title='bbox 473 4230 710 4313; x_wconf 83' lang='lat' dir='ltr'><strong>graviditate</strong></span> <span class='ocrx_word' id='word_1_237' title='bbox 735 4232 983 4323; x_wconf 85' lang='lat' dir='ltr'><strong>increscente.</strong></span> <span class='ocrx_word' id='word_1_238' title='bbox 1016 4230 1191 4312; x_wconf 83' lang='lat' dir='ltr'><strong>Quantus</strong></span> <span class='ocrx_word' id='word_1_239' title='bbox 1210 4244 1314 4312; x_wconf 86' lang='lat' dir='ltr'><strong>pree·</strong></span> 
     </span>
    </p>
   </div>
   <div class='ocr_carea' id='block_1_4' title="bbox 368 4325 1316 4422">
    <p class='ocr_par' dir='ltr' id='par_1_5' title="bbox 368 4325 1316 4422">
     <span class='ocr_line' id='line_1_38' title="bbox 368 4325 1316 4422; baseline -0.024 -12"><span class='ocrx_word' id='word_1_240' title='bbox 368 4337 473 4410; x_wconf 67' lang='lat' dir='ltr'><strong>tem</strong></span> <span class='ocrx_word' id='word_1_241' title='bbox 499 4336 584 4420; x_wconf 60' lang='lat' dir='ltr'><strong>tum</strong></span> <span class='ocrx_word' id='word_1_242' title='bbox 612 4331 734 4414; x_wconf 82' lang='lat' dir='ltr'><strong>uteri,</strong></span> <span class='ocrx_word' id='word_1_243' title='bbox 754 4340 839 4404; x_wconf 85' lang='lat' dir='ltr'><strong>tum</strong></span> <span class='ocrx_word' id='word_1_244' title='bbox 866 4351 1098 4422; x_wconf 80' lang='lat' dir='ltr'><strong>organorum</strong></span> <span class='ocrx_word' id='word_1_245' title='bbox 1127 4325 1316 4416; x_wconf 82' lang='lat' dir='ltr'><strong>uropo&#39;e&#39;t&#39;r-¹</strong></span> 
     </span>
    </p>
   </div>
   <div class='ocr_carea' id='block_1_5' title="bbox 0 0 1456 4996">
    <p class='ocr_par' dir='ltr' id='par_1_6' title="bbox 0 0 1456 4996">
     <span class='ocr_line' id='line_1_39' title="bbox 0 0 1456 4996; baseline 0 0"><span class='ocrx_word' id='word_1_246' title='bbox 0 0 1456 4996; x_wconf 95' lang='lat' dir='ltr'><strong> </strong></span> 
     </span>
    </p>
   </div>
  </div>
 </body>
</html>
