2904 4996
310 399 778 468 manumissorum
803 411 1022 468 raoxnurs.
1147 417 1186 480 ⁸1
1224 459 1226 464 ,

575 547 685 612 Scor.
708 547 775 636 11.Ι

180 713 232 770 nn
249 709 438 770 sanamus
463 709 761 856 corsgfflfflg
789 705 1160 774 cenomanorum

565 979 596 1050 §-
618 991 671 1056 99·

448 1159 634 1228 Gluten
658 1157 893 1247 animale.

223 1286 438 1352 Constituit
460 1284 759 1388 animaleglut
774 1305 831 1350 en
861 1305 926 1350 seu
948 1283 1028 1370 gel
1041 1290 1191 1362 atina

139 1388 256 1458 basin
278 1390 463 1454 animalis
484 1385 676 1470 corporis,
694 1386 795 1474 unde
818 1409 862 1455 ex
892 1377 1072 1455 om'nibus
1104 1403 1210 1458 eor·¹

11 1557 13 1568 ,
139 1494 246 1576 poris
269 1493 445 1575 partibus
472 1505 596 1576 aquae
618 1494 656 1552 et
680 1489 867 1560 coctionis
891 1511 961 1576 ope
974 1493 1191 1578 obtinetur3

54 1657 56 1664 ,
140 1597 451 1682 copiosissimum
475 1601 603 1660 autem
628 1593 848 1660 obtinemus
868 1595 1002 1680 gluten
1035 1617 1053 1660 e
1082 1601 1191 1665 textu

145 1699 348 1772 cellulam,
371 1697 620 1769 tendinihus,
644 1696 969 1777 aponevrosibus,
990 1697 1191 1782 cartilagi-
1258 1752 1261 1769 ,

138 1802 254 1866 nibus
277 1808 314 1866 et
339 1801 508 1874 ossibus,
531 1817 627 1888 quae
658 1799 1192 1880 remanentibusaalibueter·

139 1904 326 1971 restribus
341 1899 393 1988 (ᾗ.
422 1898 735 1986 98.),protracta
754 1901 949 1978 coctione,
974 1903 1039 1968 vel
1062 1905 1188 1970 maxi·

138 2031 201 2086 me
225 2014 330 2083 tum,
353 2005 421 2070 ubi
450 2005 637 2092 digestori
660 2005 946 2083 comittuntur,
969 2007 1012 2074 in
1041 2027 1195 2080 meram

137 2113 388 2180 resolvuntur
408 2110 634 2194 galaticam.
658 2110 831 2178 Solvitur
851 2111 948 2176 haec
969 2112 1191 2180 substantia

143 2235 266 2302 aqua,
287 2215 493 2300 etquidem
504 2215 661 2280 facilius
685 2213 1075 2300 calida3refrigerata
1090 2235 1191 2281 mas-

140 2328 238 2397 sam:
262 2321 419 2386 exhibet
448 2320 684 2398 tremulam,
713 2319 1009 2398 consistentem,
1032 2317 1195 2404 diapha·
1253 2381 1255 2388 .

140 2443 252 2500 nam,
271 2422 494 2488 ssavicantis
517 2423 656 2488 coloris
667 2463 679 2499 ,
700 2421 836 2506 vapidi
855 2428 894 2488 et
912 2421 1107 2489 subdulcia
1132 2445 1193 2514 sa·

137 2529 259 2619 poris,
281 2528 563 2620 Praecipitatur
587 2549 631 2592 ex
661 2548 804 2614 aquosa
823 2527 1019 2594 solutione
1044 2504 1116 2615 per,
1134 2529 1192 2594 al·

139 2633 314 2698 coholem
326 2651 423 2718 ,quo
444 2631 578 2698 floccos
599 2634 743 2698 format
760 2635 993 2720 peculiarem
1014 2635 1193 2700 substan·
1290 2616 1296 2636 ⁸
1364 2633 1367 2640 '

140 2738 208 2818 tiax
221 2759 312 2803 vero
326 2737 578 2803 coriariorum
601 2739 773 2823 (tanin
786 2761 811 2804 u
824 2735 886 2826 m)
911 2762 955 2805 ex
975 2739 1107 2807 eadem
1126 2760 1189 2804 so-

140 2841 290 2906 lutione
312 2859 482 2906 massam
497 2840 631 2936 dejicit
650 2847 824 2908 tenacem
847 2849 885 2909 et
909 2841 1190 2920 contractilem,

141 2967 244 3034 aqua
263 2968 342 3012 non
374 2946 540 3031 amplius
572 2947 801 3022 solubilem,
827 2967 923 3034 quae
952 2949 1099 3015 siccata
1128 2945 1191 3012 de-

137 3032 246 3117 mum
269 3053 472 3118 materiem
494 3053 613 3116 refert
629 3053 830 3119 friabilem
853 3059 891 3118 et
921 3043 1191 3136 splendentem
1274 3047 1276 3056 ¹

138 3147 545 3244 ·).siceatage1atina
566 3153 606 3220 in
629 3177 805 3223 corneam
824 3157 991 3244 uertitur¹
1012 3176 1192 3233 massam,

139 3285 237 3350 quas
259 3265 328 3332 sub
350 3261 511 3346 glutinis
534 3261 797 3325 nominenota
815 3267 893 3337 est,
917 3266 954 3329 et
972 3280 1072 3348 aqua
1084 3306 1095 3340 ,
1109 3283 1193 3330 rur·

138 3389 201 3432 sus
226 3367 412 3441 solvitur,
425 3364 562 3429 relicta
582 3369 712 3427 tamon
725 3349 836 3446 parte
856 3361 1009 3448 aliqua,
1027 3366 1189 3436 carboni

138 3468 274 3534 simili.
300 3457 477 3532 Attrahit
500 3465 539 3529 id
562 3467 694 3549 gluten
718 3475 861 3550 aquam'
882 3464 1127 3554 avidissime,
1153 3472 1193 3531 et
1281 3449 1309 3482 ‘¹

139 3572 171 3636 si
193 3571 358 3636 calidior
379 3571 536 3635 accedat
557 3575 843 3656 temperatura,
869 3570 910 3636 in
934 3572 1085 3637 acidam
1106 3572 1191 3644 abit
1278 3601 1283 3610 ·

137 3671 505 3748 fermentationem,
532 3679 783 3758 quaetamen
807 3693 896 3742 mox
916 3671 959 3738 in
977 3675 1191 3759 putridam

137 3779 265 3862 vergit
286 3775 581 3841 dissolutionem
594 3816 604 3850 ‚
618 3794 692 3862 qua
711 3775 909 3860 glutinosa
921 3775 1115 3860 gelatinae
1128 3780 1189 3844 in-

139 3881 242 3946 doles
255 3881 410 3964 penitus
423 3880 757 3954 destruitur,nullo
771 3879 938 3964 amplius
951 3879 1064 3958 modo
1076 3880 1191 3944 resti-

139 3982 295 4048 tuenda.
319 3981 921 4068 Acidagelatinamparumprlus
940 3981 1190 4064 condensant,

140 4109 229 4154 mcx
253 4075 383 4154 tamen
417 4087 571 4172 penitus
603 4086 781 4164 solvunt3
801 4085 966 4150 solvitur
994 4087 1113 4150 etiam
1144 4085 1185 4170 in
1231 4149 1235 4167 ,

140 4195 321 4260 alcalium
343 4195 600 4260 caustioorum
620 4193 904 4272 solutionibus,
924 4217 942 4260 e
968 4175 1186 4281 quibusper

142 4295 254 4368 acida
276 4297 484 4364 floccorum
496 4297 806 4385 alboruminstar
817 4297 1097 4385 praecipitatur
1108 4295 1185 4382 ⁶⁹).
