2904 5004
124 538 129 546 Ι
244 455 353 520 sacr.
378 447 516 517 1V.De
540 425 994 517 srsrsnu'rnvssoamu.
1103 463 1164 534 157

116 598 299 682 junctis,
330 595 583 672 constantia,
613 611 708 679 quae
740 592 1012 674 glandulae
1046 589 1168 680 lymd

117 700 361 786 phaticae
384 695 1018 780 seuconglobataedicuntur
1040 697 1166 763 Inter-

120 807 321 889 cipiuntur
348 825 442 868 vasa
472 801 715 884 lymphatica
753 799 949 885 glandulis
980 801 1042 867 his
1079 821 1167 866 con·

100 891 270 975 stanter
290 912 435 984 ferme,
461 906 699 996 antequam
689 927 730 970 ιιι
754 913 910 972 truncos
933 901 1168 1008 principales

121 1009 187 1096 (l.
221 1015 322 1102 167.)
364 1016 608 1088 inseruntur,
640 1015 802 1097 suntque
832 1012 1040 1107 glandulae
1069 1013 1170 1080 istae

120 1117 269 1183 cunctis
292 1117 528 1181 animalibus
545 1115 841 1216 neglectioribus
863 1133 1105 1190 communen
1128 1115 1170 1182 in

119 1219 291 1302 piscibus
311 1227 442 1284 tamen
463 1226 502 1284 et
524 1219 736 1304 amphibiis
760 1216 889 1284 nullae
911 1219 1082 1284 hucdum
1103 1220 1165 1286 in·

117 1330 259 1388 ventae
286 1329 397 1388 sunt·
387 1323 617 1406 ‚pauciores
641 1321 781 1387 adsunt
800 1323 850 1422 in
862 1322 1012 1423 avibus.

205 1489 399 1552 Plurimae
418 1485 700 1591 reperiuntur
688 1506 730 1550 ιιι
761 1505 853 1550 cavo
883 1483 1102 1552 abdominis
1133 1485 1186 1551 et'

121 1593 314 1673 thoracis,
344 1592 541 1676 pauciores
573 1591 617 1654 in
647 1569 984 1666 extremitatibus,
1019 1595 1057 1654 et
1087 1587 1174 1676 qui

30 1740 35 1755 .
123 1697 273 1760 demin
293 1695 555 1779 superioribus
577 1691 766 1776 iuncturis
788 1693 913 1774 sitaeg
941 1712 1086 1776 paucae
1114 1693 1173 1757 in·

121 1796 366 1862 veniuntur
354 1819 397 1861 ιιι
418 1795 544 1881 capite
556 1837 567 1870 ‚
589 1796 719 1859 nullae
739 1795 854 1873 intra,
867 1795 990 1860 cranii
1009 1813 1171 1870 cavum,

125 1907 241 1986 atque
261 1901 483 1988 frequentes
505 1899 548 1964 in
581 1900 679 1962 collo
702 1903 739 1962 et
761 1899 872 1962 facie.
914 1899 957 1962 ln
979 1899 1028 1962 iis
1048 1899 1174 1982 parti·
1230 1959 1237 1971 ,

125 2005 223 2080 bus,
244 2024 341 2090 quae
371 2002 523 2087 copioso
552 2002 798 2068 instruuntur
831 2001 1015 2066 celluloso
1043 2007 1174 2079 textu,

122 2107 254 2194 plures
275 2106 492 2192 generatim
512 2107 760 2189 reperiuntur
779 2105 1046 2191 lymphaticos
1065 2108 1177 2192 glan«

125 2211 264 2286 dulae,
286 2212 322 2276 ei
346 2211 471 2276 textui
491 2213 601 2276 velut
631 2211 856 2288 immersam
882 2229 956 2294 quo
988 2209 1077 2276 dein
1105 2214 1175 2278 ab·
1208 2252 1210 2261 ,

127 2314 329 2380 sorbentis
357 2335 452 2408 vase
482 2314 532 2379 ad
561 2312 796 2397 principales
826 2315 952 2397 magis
985 2311 1177 2384 adcedunt
1235 2387 1237 2394 ,

2 2409 3 2416 ¹
127 2424 308 2495 truncos,
332 2424 442 2484 tanto
465 2419 735 2502 etiamplures
756 2417 1004 2500 trajiciendos
1026 2423 1176 2490 habent

124 2519 353 2604 glandulas,
388 2522 506 2600 adeo,
535 2528 578 2585 ut
607 2521 702 2598 haec
731 2521 956 2604 corpuscula
967 2519 988 2600 ⁸,
1018 2524 1177 2590 nociva·

124 2639 214 2687 rum
233 2622 543 2690 substantiarum
563 2624 778 2709 ingressum
800 2624 842 2688 in
872 2625 1047 2691 humoris
1069 2648 1175 2694 mas·
1243 2619 1247 2628 ’

125 2746 211 2790 sam
232 2728 527 2812 praecaventia,
548 2747 642 2791 vasa
668 2733 827 2792 externa
849 2726 898 2790 ab
920 2729 1175 2798 interioribus

123 2831 298 2920 undique
318 2831 536 2918 sejungant.

212 2993 509 3058 circumdantur
530 2991 800 3079 lymphaticae
831 2993 1037 3080 glandulae
1067 3001 1177 3066 textu

125 3097 313 3162 celluloso
334 3099 447 3173 laxo,
469 3095 569 3160 unde
595 3095 790 3160 mobiles
779 3117 821 3160 ιιι
844 3118 998 3168 omnem
1019 3106 1176 3198 partem

125 3206 250 3277 sunt,
282 3200 361 3264 nisi
398 3199 597 3264 abnormis
639 3197 743 3262 adsit
779 3201 953 3282 partium
985 3205 1176 3276 cohaesio.

35 3373 40 3388 ,
94 3309 232 3378 ..idem
262 3308 328 3371 hic
359 3306 561 3371 cellulosus
592 3285 753 3392 textus,
788 3307 976 3372 folliculis
982 3310 1177 3401 adipoeis

123 3411 314 3484 refertus,
342 3409 625 3487 condensatur,
644 3414 682 3472 st
710 3407 832 3492 cingit
852 3388 1079 3494 glandulam
1110 3435 1178 3480 ve⁴

125 3511 187 3578 lut
209 3507 364 3594 'capsula
385 3512 701 3587 membranacea,
720 3531 818 3596 quae
840 3531 927 3576 cum
952 3511 1176 3578 substantia

123 3615 335 3700 glandulae
356 3613 495 3678 intime
518 3615 711 3680 cohaeret.
734 3617 1071 3700 Vasasanguifera
1088 3625 1174 3684 tum

125 3717 206 3802 ipsi
225 3719 320 3799 huic,
338 3717 543 3783 cellulosae
557 3787 559 3792 ,
573 3721 752 3802 capsulae
762 3761 775 3802 ,
796 3729 883 3788 tum
913 3721 1033 3786 etiam
1063 3723 1175 3808 glan-

125 3819 307 3887 dularum
328 3823 672 3910 ‘perenchymath
696 3823 849 3906 copiosa
887 3824 1040 3890 intexta
1071 3834 1178 3906 sunt,
1265 3871 1269 3882 ·
1363 3849 1368 3856 ·
1429 3799 1433 3806 ⁴

128 3923 254 4001 adeo,
287 3932 331 3990 ut
358 3932 447 4009 post
477 3927 630 4002 felicem
668 3923 920 4009 injectionem
955 3929 1179 4012 corpuscula
1242 3985 1247 4002 f

125 4029 224 4095 haec
245 4050 289 4094 ex
307 4031 455 4115 integro
478 4031 666 4109 rubeant;
686 4020 800 4113 plura
818 4031 949 4096 tamen
971 4032 1111 4098 adsunt
1134 4033 1178 4100 in

129 4153 287 4216 corpore
326 4135 492 4220 juvenili
528 4155 643 4220 quarn
675 4133 718 4196 in
748 4135 895 4200 adultis
927 4143 966 4201 et
998 4138 1174 4212 senibus,
1267 4175 1271 4182 ·

127 4233 229 4299 unde
255 4227 476 4320 glandulae*
493 4238 596 4301 istae
625 4237 810 4303 rubellae.
829 4237 872 4301 in
903 4235 1036 4318 foetu,
1058 4239 1198 4330 grise-¹

128 4345 280 4408 scentes
296 4340 339 4406 in
361 4339 522 4421 adulto,
544 4347 582 4408 et
606 4340 834 4410 flavicantes
855 4342 897 4409 in
918 4343 1075 4414 senibus
1104 4365 1173 4432 ιρι
