2920 4998
273 381 353 459 ¹5⁴.
387 363 862 438 transsaltuum.
876 365 1095 433 sunnone.
1108 377 1280 429 srsrru.

283 509 494 577 ⁰bn⁰¹i¹¹m
512 505 680 580 m⁰fbi⁸2
702 504 768 589 ‘lui
791 504 839 567 0b
861 509 1057 570 texturam
1080 504 1235 570 densam
1248 547 1259 582 ‚
1281 511 1322 572 at

282 615 453 681 solidam
475 629 622 673 massae
652 605 946 691 consistentiam
974 606 1202 673 diuturnum
1233 610 1322 692 plu.

282 721 427 786 simum
446 714 592 780 habent
612 699 824 774 decursum·
855 711 1068 777 Occurrunt
1098 712 1325 792 inflamma·
1436 763 1437 766 η

283 821 409 886 tiones
432 821 565 910 acutae
589 819 626 878 at
648 811 868 888 chronicae,
883 832 905 877 a
925 814 1056 888 ¹causis¹
1073 816 1326 892 mechanicis,
1436 815 1437 906 ζ

269 906 346 989 ¹vel
367 939 458 983 vero
477 917 524 981 ab
548 915 628 982 acri
650 907 780 1001 aliqua
802 912 967 979 materia
981 959 992 994 ,
1023 919 1181 981 amalo
1215 941 1322 985 scro-

280 1018 447 1110 phuloso
459 1061 470 1096 ‚
483 1017 718 1106 rhachiticos
737 1037 918 1093 venereo,
930 1019 1145 1096 varioloso,
1158 1023 1322 1088 morbil·

282 1129 392 1201 loso,
415 1119 619 1187 arthritico
643 1127 711 1183 etc.
732 1119 951 1184 suscitatae.
975 1102 1219 1188 A'dficiuntur
1237 1129 1327 1188 tum
1437 1121 1438 1150 ³

282 1229 545 1313 periosteum,
561 1222 785 1286 membrana
802 1209 1026 1288 medullaris
1042 1228 1080 1287 at
1098 1223 1182 1307 ipss
1199 1226 1324 1290 stiam

165 1321 166 1326 ἵ
250 1351 258 1359 ’
287 1330 432 1396 ossium
454 1323 693 1398 substantia,
716 1341 811 1410 quae
835 1317 958 1399 dolat,
980 1324 1080 1388 calet
1098 1329 1137 1388 at
1167 1331 1324 1405 tumet,

286 1428 495 1512 omniaque
517 1425 742 1510 phlogoseos
763 1425 919 1489 exhibet
940 1432 1214 1510 symptomata.
1248 1429 1325 1494 Rs-

228 1533 230 1540 ’
291 1537 495 1601 solvuntur
517 1529 607 1593 dum
631 1536 667 1594 et
689 1526 839 1614 quando
862 1531 941 1593 hae
966 1528 1325 1613 inflammationasg

185 1690 196 1712 .
262 1651 268 1672 .
286 1643 507 1726 frequenter
527 1639 656 1700 tamen
667 1678 678 1713 ‚
700 1633 740 1698 in
761 1630 973 1718 spongiosis
992 1633 1197 1717 praecipue
1225 1639 1325 1702 ossi·

286 1744 382 1818 hus,
404 1733 631 1824 suppuratio
653 1729 844 1822 sequitur.
864 1733 990 1818 Ipsum
1021 1741 1149 1798 autem
1176 1753 1246 1816 pus
1275 1739 1326 1802 ab
1438 1765 1439 1788 .

289 1849 457 1912 aliarum
485 1848 724 1908 texturarum
755 1861 849 1924 pure
879 1839 1083 1920 (§.1.18.“
1109 1839 1137 1916 ς,
1170 1857 1241 1905 122.
1260 1845 1325 1931 a.)

235 1983 238 1996 ⁴
286 1950 501 2036 plurimum
522 1944 672 2020 differt,
693 1944 842 2008 saniem
871 1942 1003 2024 potius
1032 1940 1249 2016 exhibans‚·
1276 1963 1322 2010 ox

286 2053 404 2116 rubro
424 2050 714 2114 brunescentam
725 2092 737 2124 ,
756 2043 882 2132 gravis
901 2043 1029 2108 odoris
1037 2043 1182 2126 ,nigris
1203 2047 1328 2111 mola·
1439 2103 1440 2112 ,

272 2138 384 2219 *culis
408 2154 614 2228 refertam,
637 2157 672 2216 et
692 2157 892 2240 argentum
917 2151 1027 2235 nigro
1052 2149 1177 2212 colora
1201 2149 1330 2216 infici·

289 2265 432 2324 entem.
454 2256 716 2322 Emolliuntur
748 2262 786 2319 at
810 2254 1070 2354 ‚corroduntur
1099 2279 1211 2340 sarpa
1242 2278 1329 2323 ossa
1439 2249 1440 2268 ¹

289 2360 421 2425 ichore
444 2360 543 2434 isto,
564 2363 692 2442 estque
716 2357 909 2441 corruptio
932 2359 1026 2421 haec
1046 2359 1107 2421 vel
1128 2359 1327 2444 superfici-

291 2462 364 2526 alis
384 2465 562 2535 tantum,
582 2461 646 2522 vel
667 2461 790 2542 ipsam
812 2453 997 2526 intimam¹
1008 2453 1230 2552 adgreditur
1241 2463 1331 2528 sub·

291 2563 479 2628 stantiam
493 2607 504 2640 ,
525 2565 592 2624 aut
605 2563 734 2625 variae
749 2564 1030 2627 subnascuntur
1048 2566 1330 2632 excrescentias

293 2664 434 2748 (caries
446 2705 456 2740 ‚
477 2665 641 2750 fungus,
661 2665 772 2748 spina
789 2666 1070 2748 centonas).
1093 2667 1174 2732 Non
1196 2687 1329 2734 rarum

294 2772 413 2836 etiam
436 2773 512 2843 est,
535 2774 578 2831 ut
607 2767 934 2834 inflammationes
963 2771 1078 2854 hujus
1108 2771 1332 2855 systematis
1376 2787 1380 2796 '

294 2871 558 2938 indurationas
587 2879 685 2955 post·
709 2865 760 2936 se¹
778 2873 1024 2957 relinquant,
1056 2872 1230 2958 ipsaque,
1246 2895 1331 2938 ossa

293 2980 354 3045 vel
377 2984 595 3060 compactos
618 2978 679 3039 vel
700 2979 925 3062 spongiosos
951 2982 1120 3042 tumores
1146 3019 1156 3052 ,
1178 2978 1331 3045 tardius

291 3081 417 3166 primo
436 3085 710 3172 suppurantes,
732 3081 936 3165 accipiant.
971 3081 1068 3148 Aliis
1105 3085 1145 3148 in
1180 3082 1330 3146 casibus
1440 3151 1441 3154 Ἴ

294 3184 460 3250 necrosis'
483 3185 724 3266 supervenit,
746 3187 860 3258 adeo,
881 3194 923 3249 ut
945 3190 1006 3250 vel
1023 3207 1113 3270 pars
1126 3185 1259 3268 aliqua
1273 3205 1331 3248 os·

294 3289 347 3355 sis
369 3293 657 3370 corrumpatur,
675 3289 755 3350 solo
777 3310 888 3372 saepe
906 3296 1069 3357 naturae
1094 3288 1298 3352 molimine
1310 3309 1333 3350 a

294 3399 405 3478 parte
426 3412 519 3456 sana
536 3391 768 3472 separanda,
786 3394 848 3458 vel
869 3397 994 3456 totum
1016 3393 1131 3475 plana
1153 3411 1195 3456 os
1217 3389 1335 3455 vitali

295 3496 471 3578 privetur
493 3495 653 3576 energia
673 3494 726 3578 ¹*).

382 3620 868 3719 Emolliunturpvariaque
890 3637 1042 3699 rationis
1064 3641 1271 3700 curvantur
1297 3639 1334 3720 ct

298 3738 494 3810 deformia
511 3737 723 3818 redduntur
743 3753 827 3802 ossa
852 3741 892 3802 in
914 3741 1157 3818 rhachitide3
1178 3739 1336 3804 cratini·

295 3860 405 3906 smus
427 3840 484 3902 ita
498 3837 620 3902 dictus
634 3841 1011 3906 cumdeformationa
1033 3843 1174 3906 ossium
1196 3842 1333 3920 capitis

297 3943 510 4032 plurimum
531 3941 704 4027 jungitur
717 3943 779 4030 tt).
793 3942 1045 4022 3diducuntur
1057 3945 1199 4010 ossaab
1225 3945 1332 4029 aquis

302 4069 439 4132 epure
462 4054 500 4112 et
523 4047 611 4110 aliis
636 4050 805 4112 collectis
827 4051 999 4114 materiis
1022 4045 1205 4134 (l.co9.)s
1226 4047 1332 4111 vario

301 4154 456 4218 demum
488 4149 601 4215 modo
633 4158 831 4216 mutantur
860 4173 883 4214 a
912 4153 998 4214 laha
1039 4150 1334 4236 syphilitica,s

206 4323 214 4335 ,
299 4257 499 4350 scorbuto2
521 4255 568 4320 ab
589 4254 796 4322 arthritide
809 4295 821 4334 ,
834 4276 856 4320 a
875 4255 1110 4341 scrophulis,
1131 4271 1230 4338 aque
1250 4260 1349 4317 cau··
