2904 5004
220 399 223 413 ·
264 373 320 454 136
342 372 427 436 Lis.
440 371 485 438 11.
498 372 588 438 cnr.
607 361 723 454 ILDiz
736 378 825 430 sau.
843 359 1253 442 uum.conr.susrnn.'

463 539 489 588 .·
529 518 575 582 11.
598 516 786 580 suerrus
809 527 1014 605 vuuosuru,

700 708 727 779 §.
776 707 845 786 158.

461 871 766 978 Dispositio
801 877 1113 972 generalis(

337 1053 539 1118 Reducunt
571 1073 616 1117 ex
653 1052 832 1118 universo
876 1069 1032 1135 corpore
1066 1054 1298 1135 sanguinem

256 1164 384 1236 atrum
405 1178 583 1232 venae,
614 1175 710 1240 quae
744 1157 907 1240 surculis
931 1156 1105 1220 minimis
1136 1177 1155 1221 o
1177 1164 1301 1243 syste-

255 1260 563 1342 matecapillari
592 1251 772 1324 universo
803 1260 994 1345 originem
1015 1267 1195 1338 sumunt3
1217 1281 1303 1324 sur·

255 1364 332 1428 culi
355 1363 422 1426 isti
444 1364 546 1448 inter
576 1362 758 1447 sejuncti
781 1365 823 1428 in
843 1364 1007 1448 majores
1035 1371 1150 1450 atqua
1175 1366 1301 1440 maio·

189 1543 193 1552 ¹
254 1490 314 1552 res
333 1470 553 1542 formantur
575 1487 702 1532 ramos
715 1515 726 1547 ,
747 1469 812 1554 qui
832 1467 990 1533 tandem
1012 1489 1143 1534 omnes
1167 1471 1207 1534 in
1232 1470 1302 1538 du·

139 1625 142 1628 .
169 1633 171 1637 ,
257 1593 298 1636 os
331 1571 530 1652 confluunt
558 1570 793 1654 principales
824 1578 1003 1650 truncos,
1023 1591 1202 1637 venam
1226 1593 1301 1638 ca·

51 1659 55 1670 ¹
256 1669 1191 1768 va'msuperiqremetinisriorem,in
1213 1677 1304 1742 dex*

256 1787 361 1845 trum
384 1771 507 1864 cordis
536 1784 663 1851 sinum
687 1780 882 1870 abeuntes.
924 1770 1020 1858 Ve'n
1032 1799 1085 1844 ae
1107 1781 1194 1865 pul
1208 1801 1245 1844 rn
1259 1801 1303 1844 o·

255 1891 422 1972 naias,
454 1893 663 1966 artariosae
693 1886 859 1962 indolis,
887 1909 905 1950 e
935 1887 1114 1970 capillari
1147 1889 1302 1971 pulmo-

258 2016 350 2060 num
383 2001 589 2081 systemate
620 1999 751 2073 ortao,
780 1993 903 2064 simili
931 1992 1042 2056 modo
1066 1994 1305 2078 colliguntur

258 2109 298 2170 et
328 2105 500 2174 formant
529 2109 684 2168 truncos
718 2107 902 2186 quatuor,
928 2099 971 2164 in
1000 2081 1203 2164 sinistrum
1234 2099 1305 2162 ab·

239 2211 389 2276 euntes
413 2205 536 2279 cordis
559 2206 706 2278 sinum,
729 2202 866 2267 floride
888 2203 1047 2266 rubrum
1075 2201 1304 2285 sanguinem

259 2305 505 2392 advehenten
529 2297 788 2389 Egrediu'ntur
808 2323 997 2367 venarum
1017 2305 1160 2368 surculi
1181 2305 1306 2386 potis·

259 2408 403 2479 simum
427 2427 471 2470 ea
504 2426 738 2490 organorum
768 2407 876 2484 ioca,
909 2406 1047 2492 quibus
1072 2405 1305 2470 arteriarum

259 2509 411 2574 intrant
431 2507 625 2586 stamina;
646 2509 687 2574 in
709 2510 862 2572 cerebro
884 2514 1017 2575 tamen
1039 2515 1076 2576 at
1096 2510 1138 2572 in
1157 2510 1303 2590 hepate

260 2611 447 2696 oppositis
469 2612 564 2676 loeis
583 2612 678 2677 haec
700 2634 882 2692 vasorum
903 2613 1160 2698 disponuntur
1182 2619 1306 2697 syste-

260 2719 387 2788 mata,
408 2713 509 2798 quod
541 2733 774 2798 organorum
803 2737 958 2798 eorum,
980 2722 1025 2781 ut
1054 2736 1121 2780 suo
1153 2715 1303 2780 videbi-

260 2837 345 2881 mus
368 2819 449 2881 loco
462 2858 471 2893 ,
495 2818 665 2900 deposcit
687 2803 887 2888 officium.¹
910 2821 1154 2906 Emergentes
1177 2841 1195 2882 e
1217 2837 1305 2902 par-¹

213 2921 366 3004 ''tihus
396 2919 556 2996 diversis
585 2942 705 2986 venae
737 2923 777 2986 in
799 2922 889 2992 duos
919 2924 1134 3008 plurimum
1161 2923 1307 2987 abeunt

263 3027 417 3096 ordines
432 3036 461 3103 ‚‘=
473 3049 592 3093 unum
624 3027 765 3115 quippo
794 3029 990 3106 internum
1014 3071 1024 3106 ,
1048 3031 1113 3116 qui
1144 3029 1307 3095 arterias

191 3171 196 3189 ·
264 3135 493 3208 comitatur,
513 3133 690 3198 stolium
711 3136 989 3222 subcutanoum
1018 3137 1068 3220 (§·
1093 3135 1212 3224 145),
1239 3139 1308 3198 aut

204 3307 214 3322 ,
262 3235 545 3322 superficialem
565 3237 808 3314 internorum
830 3259 1074 3326 organorum.

349 3403 444 3466 Cum
474 3421 494 3466 o
526 3399 630 3470 vasis
668 3387 920 3483 ‚capillati-ibus
951 3421 1073 3466 vonas
1104 3403 1307 3492 oriuntur,

265 3504 498 3593 cylindrioae
520 3509 718 3588 apparent,
731 3510 770 3570 et
790 3505 962 3568 formant
980 3505 1141 3570 reticula
1162 3504 1308 3589 specio-

266 3627 307 3670 sa
328 3611 394 3668 aut
415 3605 550 3688 plexus
573 3606 729 3686 varios,
753 3607 929 3690 equibus
950 3609 1050 3671 rami
1073 3605 1311 3688 exoriuntur,

265 3709 486 3792 frequenter
508 3697 819 3794 invicem'junrtil
842 3703 1312 3796 Multopluresmenaeg'ee

266 3808 436 3876 neratim
463 3809 703 3876 constituunt
734 3818 1017 3890 anastomoses,
1045 3811 1086 3875 in
1117 3811 1165 3875 iis
1196 3830 1309 3893 prae·

267 3915 405 3999 primis
426 3916 520 3980 locis
533 3957 543 3992 ,
566 3915 636 3981 ubi
655 3918 853 4001 sanguinis
881 3938 1006 3986 sursus
1033 3916 1311 4002 frequentiori·

267 4021 339 4084 bus
363 4019 548 4088 obnoxius
567 4025 628 4108 ¹est
658 4019 961 4102 impedimentis.
993 4019 1052 4083 Sic
1075 4019 1310 4084 venae-sub-

271 4121 453 4185 cutane'ae
486 4141 572 4184 cum
601 4122 921 4206 profundioribus
956 4120 1311 4206 junguntur‚unda

269 4223 428 4310 pinnula
448 4222 738 4306 stvestimenta
758 4242 892 4310 corpus
910 4223 1310 4312 stringentiasanguh
