2904 4996
266 433 304 498 16
348 429 437 496 Lis.
448 422 494 492 11.
508 425 598 490 cae.
611 417 639 487 l.
653 419 712 486 De
732 429 852 484 enar.
873 429 1009 484 eousr.
1031 392 1131 480 run
1155 427 1276 481 eoae.

259 574 409 639 iterum
441 572 566 635 altera
593 565 823 654 expansives
854 562 1084 627 manifestat
1114 561 1247 638 vires,
1271 563 1325 628 si·
1381 561 1384 574 ‘

266 676 423 764 quidem
445 669 682 758 exygenium
702 667 817 732 avide
837 667 1026 730 attrahat.
1061 667 1232 731 Maxime
1253 686 1328 730 au-.

264 785 344 845 tem
364 776 497 863 prodit
517 774 664 839 virium
687 769 728 834 id
748 769 980 846 dissidium,
1001 787 1088 832 cum
1120 769 1319 834 malleati·

238 864 337 950 ¹bne
360 879 526 964 aliisque
541 871 1112 960 operationibusmagneticum
1134 863 1325 937 redditur.
1447 877 1448 944 ζ

166 975 169 982 ’
230 971 244 984 ’
265 985 512 1052 Gravissima
542 986 644 1044 certo
688 977 894 1042 metallum
929 973 1056 1040 isthoc
1088 976 1131 1040 in
1166 995 1326 1059 corpore
1447 1013 1448 1070 ἦ

253 1092 430 1157 animali
451 1093 530 1155 fert
550 1084 887 1156 officiarattrahit
907 1084 1216 1171 inpulmonibus
1229 1101 1324 1168 oxy·
1447 1083 1448 1162 l

262 1197 446 1282 genium,
469 1193 625 1278 jamque
645 1189 788 1254 iterum
814 1186 1008 1266 dimittit,
1023 1187 1098 1252 ubi
1123 1195 1252 1270 partes
1276 1207 1324 1254 eo

262 1305 383 1386 ,egent
405 1296 621 1382 principio;
643 1291 745 1362 unde
761 1290 1057 1376 reproductivas
1079 1291 1324 1368 functiones,
1403 1291 1408 1300 ’

232 1437 238 1450 ·
267 1399 624 1474 adsimilationem‚
642 1393 901 1459 nutritionem
921 1399 979 1457 -et
1014 1398 1327 1480 temperaturam

269 1504 484 1570 animalem
512 1501 559 1572 ab
592 1520 634 1562 eo
665 1495 831 1581 pendere
862 1491 1078 1580 plurimum
1110 1495 1329 1579 videmus;
1385 1515 1388 1520 ·

267 1607 482 1672 imminuta
499 1602 606 1666 enim
627 1600 722 1664 ferri
755 1597 1066 1688 quantitate‚'ut
1088 1599 1130 1664 in
1155 1600 1330 1668 chlorosi
1447 1593 1448 1613 ¹

270 1721 309 1780 et
336 1735 467 1778 serosa
494 1709 660 1778 colluvie
688 1705 757 1783 fit,
787 1706 1089 1798 reproductivus¹
1109 1705 1329 1790 prurimum
1447 1697 1448 1739 ⁴

271 1813 441 1878 laeditur
453 1831 663 1898 processus.
685 1810 846 1874 ¹Accedit
869 1808 982 1884 dein,
1006 1808 1106 1894 quod
1121 1809 1330 1873 metallum

126 2002 129 2013 ἱ
197 1993 199 1998 Ι
270 1903 660 1982 Ιιοο*91οοῐι·ἰείῐαΐεηι
683 1913 947 1978 etcaloricum
966 1913 1329 1998 optimeconducat,

272 2020 444 2108 adeoque
465 2015 798 2104 imponderabilis
816 2017 912 2080 haec
933 2038 1003 2103 per
1029 2025 1162 2084 omnes
1191 2039 1330 2102 corpo·

271 2126 326 2191 ris
347 2103 476 2210 partes
498 2141 584 2185 cnm
607 2119 796 2204 sanguine
821 2119 1084 2221 circumeunte
1103 2127 1305 2208 propaget.

354 2266 536 2333 Defertur
565 2261 606 2327 id
637 2261 843 2328 metallum
871 2279 939 2348 per
960 2263 1151 2330 alimenta
1171 2264 1216 2331 in
1237 2286 1324 2332 cor·

273 2392 369 2460 pus3
390 2389 533 2454 magna
562 2367 683 2432 etiam
703 2371 761 2444 est
781 2368 1065 2450 probabilitas,
1087 2372 1235 2436 ferrum
1265 2373 1330 2436 in·

273 2485 337 2542 tra
361 2472 623 2572 organismum
643 2488 755 2554 posse
775 2470 975 2554 generari,
991 2471 1184 2558 siquidem
1204 2491 1328 2557 quan·

274 2579 368 2644 titas
400 2576 501 2654 eius,
530 2571 786 2656 qualicunque
816 2591 1018 2638 vescamur
1049 2573 1171 2650 cibo,
1203 2575 1331 2640 ferme

275 2686 453 2746 constans
479 2683 638 2744 maneat
658 2680 712 2765 ·).
734 2680 818 2760 lpse
849 2679 939 2744 dein
969 2680 1119 2766 foetus,
1140 2682 1206 2766 qui
1238 2703 1326 2748 san-
1446 2717 1447 2734 κ

277 2783 433 2868 guinem
446 2781 553 2846 haud
564 2781 790 2846 immediate
802 2803 834 2846 a
852 2787 978 2847 matre
1001 2785 1171 2868 acquirit
1184 2830 1197 2862 ,
1211 2792 1329 2871 atque

275 2886 406 2970 pullus
431 2883 496 2947 ovi
514 2883 715 2959 incubati‘,
737 2881 817 2966 ejus
843 2885 999 2982 metalli
1027 2885 1187 2988 genesin
1219 2888 1329 2956 intra

275 2986 504 3074 organicum
524 3005 658 3072 corpus
678 2988 835 3070 penitus
861 2989 1057 3062 evincunt

283 3153 296 3218 Ι
361 3157 404 3240 a)
424 3155 606 3220 Terras
640 3151 744 3222 inter
775 3151 888 3217 calx
921 3154 1137 3236 plurimum
1159 3154 1332 3220 occurrit

276 3265 322 3330 in
342 3261 514 3327 humano
545 3273 725 3337 corpore,
750 3262 788 3320 et
813 3254 968 3322 videtur
999 3259 1171 3324 calcares
1202 3265 1333 3326 ortum
1446 3235 1447 3306 i

7 3401 11 3408 ·
89 3403 93 3413 ·
209 3367 214 3382 ’
278 3362 496 3451 generatim
515 3359 657 3424 habere
679 3379 699 3422 e
721 3347 837 3442 regno
862 3357 1153 3436 animali‚cum
1185 3361 1228 3426 in
1260 3381 1331 3426 no«
1446 3343 1447 3356 ¹

280 3463 455 3536 vioribus
485 3470 612 3530 terrae
634 3463 768 3527 stratis
784 3462 978 3548 ,plurima
1004 3465 1243 3530 conchilium
1268 3487 1335 3531 ve·
1446 3471 1447 3494 ¹

280 3575 402 3657 stigia
421 3571 733 3646 continentibus,
753 3571 878 3634 solum
900 3579 1087 3638 occurrat.
1109 3575 1173 3636 Est
1203 3577 1336 3638 autem

180 3747 183 3754 ,
219 3735 225 3746 ,
281 3679 453 3743 calcares
484 3669 547 3740 vel
574 3676 865 3764 phosphorum,
887 3676 951 3738 vel
980 3678 1091 3741 acido
1123 3677 1333 3744 carbonico

279 3787 405 3866 nupta
431 3780 474 3846 in
501 3779 636 3853 urina,
661 3780 833 3854 ossibus,
854 3778 896 3844 in
917 3785 1026 3862 parte
1055 3781 1199 3846 fibrosa
1232 3789 1270 3846 et
1289 3783 1335 3850 in

280 3905 393 3952 muco
426 3884 682 3969 reperiunda,
713 3888 751 3946 et
782 3882 985 3947 continent
1019 3903 1104 3948 ossa
1136 3885 1336 3962 interdum
1445 3905 1446 3916 ¹

279 3992 401 4056 etiam
421 4006 596 4076 gypsum.
619 3984 835 4049 Sili¹cain
848 3985 974 4050 vitreo
996 3985 1173 4050 dentium
1192 4007 1332 4052 encau·
1445 4041 1446 4076 ζ

279 4099 339 4159 sto
365 4097 403 4156 et
424 4090 467 4154 in
489 4089 647 4153 calculis
676 4087 860 4153 urinariis
885 4107 997 4170 saepe
1013 4088 1217 4170 reperitur.
1239 4092 1334 4156 Ma·
1445 4093 1446 4110 ¹

277 4218 339 4284 gn
352 4219 399 4262 es
414 4195 463 4260 ia
483 4197 525 4260 in
549 4191 828 4259 concremantis
839 4193 1008 4260 biliariis
1024 4202 1062 4272 et
1074 4198 1233 4262 calculis
1249 4199 1334 4264 uri·
1445 4203 1446 4234 ⁴

279 4299 406 4371 nariis
438 4297 651 4364 invenitur.
683 4295 783 4382 Quia
805 4303 935 4364 autem
959 4297 1151 4368 alimenta
1178 4305 1332 4367 tantam

1228 4402 1335 4470 baud
