2904 5004
280 349 326 414 ρο
366 328 512 398 Lien.
526 331 617 398 cir.
637 329 856 398 ILDnenr.
874 343 1099 399 aameonr.
1112 325 1285 402 ereren.

690 546 693 558 ,
741 497 770 568 ς.
816 471 913 573 134.Ι

336 649 711 764 Pr'oprietates
733 679 989 767 physicae
1013 685 1059 746 et
1079 681 1290 748 vitales.

368 839 527 902 Summa
550 827 829 903 fibrosorarum
851 841 1025 925 partium
1049 841 1240 906 tenacitas
1272 842 1333 906 fa-

285 941 338 1006 cit
355 981 366 1018 ,
386 948 431 1006 ut
461 945 503 1007 vi
525 943 662 1007 illatae
685 947 855 1009 maxime
896 948 1102 1012 resistente
1136 947 1227 1012 inde
1257 947 1334 1032 igi·

185 1115 188 1124 ,
231 1044 234 1050 ’
284 1054 347 1111 tur
366 1053 445 1123 set,
466 1047 568 1132 quod
590 1049 757 1132 musculi
775 1048 929 1112 facilius
953 1050 1183 1124 tacerentur,
1199 1055 1336 1114 etossa

282 1154 391 1237 prius
415 1153 669 1236 frangantur,
694 1171 809 1237 quam
826 1152 1004 1218 tendines
1022 1154 1099 1238 ipsi
1119 1152 1332 1219 cedantvel

286 1275 553 1339 apenevroses.
577 1257 708 1340 Aquae
726 1253 900 1320 fervidae
919 1255 1146 1334 immersae,
1170 1263 1236 1321 aut
1257 1256 1333 1322 sic-

231 1405 242 1426 t
285 1379 329 1424 co
353 1361 473 1428 etiam
492 1361 618 1424 calore
643 1365 835 1425 tractatae
859 1360 1024 1434 fibrosae
1055 1363 1343 1439 membraneos

282 1467 566 1530 contrahuntur
594 1463 636 1527 in
661 1466 846 1529 volumen
877 1464 1026 1540 minus,
1046 1471 1083 1530 et
1112 1468 1331 1534 redduntur

284 1570 420 1652 magis¹
453 1568 660 1633 elasticae:
684 1568 739 1632 sic
761 1567 882 1634 etiam
904 1567 971 1648 fit,
994 1575 1037 1633 ut
1066 1589 1153 1634 earo
1189 1573 1237 1637 ab
1268 1593 1331 1636 os·

283 1672 390 1734 sibus
412 1671 565 1735 secedat
578 1653 596 1746 ,Ι
612 1691 698 1738 cum
719 1670 893 1737 coctione
910 1671 1148 1754 pariosteum
1175 1680 1330 1738 contra·

282 1774 394 1838 hitur
417 1778 457 1837 et
476 1776 671 1840 laceratur
681 1815 693 1849 ,
710 1779 749 1837 et
767 1773 943 1838 videmus
960 1775 1149 1858 rigescere
1172 1773 1333 1842 decocta

279 1877 513 1942 animalium
534 1879 732 1954 membra,
753 1875 946 1963 siquidem
975 1876 1192 1962 ligamenta
1209 1881 1331 1964 inter-

284 2001 393 2046 oseea
414 1989 452 2047 et
474 1982 694 2065 capsularia
725 1985 900 2046 fervente
931 1984 1211 2048 contrahantur
1230 1986 1333 2066 calo·

282 2107 335 2152 τε.
356 2086 557 2150 Protracta
580 2085 966 2160 coctione,tendines
988 2087 1203 2169 praecipue,
1215 2087 1256 2151 in
1267 2107 1332 2172 ge·

285 2189 454 2251 latinam
477 2187 746 2267 resolvuntur;
776 2188 863 2251 a'erc
892 2188 1056 2254 siccatae
1089 2190 1329 2256 contrahun-

283 2295 350 2354 tur
362 2335 374 2366 ,
397 2289 611 2354 redduntur
629 2289 848 2373 diaphanae
861 2335 873 2368 ,
895 2297 933 2356 et
962 2289 1108 2382 ssvavum
1131 2293 1331 2376 accipiunt
1364 2323 1368 2330 ·

281 2393 483 2470 colorem3
516 2399 746 2476 recuperant
773 2413 864 2457 vere
903 2389 1072 2460 indolem
1095 2399 1327 2480 pristinam,

281 2517 367 2560 cum
387 2507 487 2582 aqua
509 2501 766 2562 macerantur.
789 2497 846 2560 Ab
869 2496 979 2560 acido
1000 2493 1142 2563 uitrico
1179 2505 1219 2564 et
1247 2501 1331 2563 sui-

280 2599 444 2684 phurico
464 2598 601 2664 fibrosi
624 2605 751 2665 textus
773 2598 890 2682 initio
912 2600 1213 2678 contrahuntur,
1237 2615 1330 2668 mox

184 2741 190 2750 ,.
281 2711 417 2769 tamen
442 2704 483 2767 in
506 2706 654 2788 pultem
671 2703 824 2768 flavam
849 2707 917 2767 aut
936 2703 1228 2768 brunescentem
1249 2706 1330 2770 col,

279 2807 510 2892 liquescunt.
533 2806 793 2876 Macerationi
818 2812 856 2872 et
883 2805 1083 2890 putredini
1111 2813 1171 2873 sat
1202 2809 1323 2895 longo
1360 2868 1366 2885 x

279 2911 469 2977 resistunt
485 2917 672 2994 tempore.
755 2983 758 2990 1

363 3092 501 3176 Sinunt
523 3114 561 3157 ee
584 3091 741 3178 quidem
770 3097 899 3188 tentus
926 3094 970 3158 hi
1002 3093 1178 3168 extendi,
1206 3100 1249 3158 ut
1283 3095 1327 3160 in

261 3195 599 3284 *hydrocephalm
621 3197 664 3260 in
687 3195 830 3260 ossium
852 3203 891 3260 et
921 3198 1241 3262 articulationum
1263 3203 1326 3262 tu-

279 3306 454 3370 moribus
471 3304 643 3370 videmus
657 3307 857 3385 sputanter
881 3309 1013 3367 tamen
1036 3305 1252 3368 extensioni
1265 3327 1326 3368 re·

226 3445 229 3454 ‚
279 3407 485 3486 nituntur,
507 3406 769 3488 comprimunt
789 3411 918 3488 partes
935 3404 1198 3489 subjacentes,
1225 3427 1324 3494 quae

186 3539 190 3548 ·
282 3510 372 3574 dein
385 3493 695 3587 inflammantur,
709 3515 747 3576 et
760 3510 909 3574 dolores
930 3513 1119 3580 suscitant
1129 3520 1324 3597 potentes,

280 3614 434 3698 aliaque
457 3613 592 3694 gravia
620 3618 897 3698 symptomata.
928 3615 1002 3676 Nea
1036 3634 1181 3700 magna
1210 3615 1325 3679 adest

278 3717 321 3781 in
344 3717 405 3782 his
421 3718 584 3781 texturis
609 3719 916 3795 contractilitas,
938 3718 1323 3810 quodvulnerumla·

276 3822 367 3896 bia,
390 3823 436 3886 ab
459 3822 625 3888 invicem
647 3821 711 3886 vix
729 3821 968 3898 recedentia,
990 3824 1033 3888 in
1055 3823 1151 3889 dura
1181 3829 1321 3898 matre,

230 3949 235 3958 ·
273 3925 316 3988 in
340 3925 645 4007 aponevrosibus
669 3932 707 3990 et
727 3923 953 3990 tendinibua
975 3925 1194 3990 ostendunt.

359 4107 601 4172 sensibilitas
630 4107 836 4216 animalis3
866 4111 911 4172 ut
938 4105 1172 4172 Hellerianis
1209 4106 1319 4171 inno·

273 4211 355 4284 tuit
373 4213 648 4296 experimentis
671 4213 721 4298 (§·
741 4229 795 4310 33.
818 4234 856 4278 n.
882 4212 1037 4298 1·),his
1063 4213 1320 4290 membranis,

941 4331 955 4418 t
