2902 4996
283 415 347 479 esa
367 403 458 468 Lm.
472 402 519 468 11.
542 405 632 471 css.
648 397 714 472 ΙΙΙ.
736 401 927 470 Irarum.
950 413 1122 468 σηοω.
1141 417 1297 474 eorsrn.

284 555 453 619 malibus
477 557 711 635 potestatem
733 547 784 633 (§·
803 551 900 636 nnn)
913 589 923 623 ,
936 554 974 612 et
996 567 1113 634 quare
1136 547 1239 628 iusto
1260 551 1335 617 mi·

281 675 357 723 nor
384 666 671 743 temperatura,
701 678 776 745 qua
798 654 1049 720 adfinitatum
1072 652 1336 720 cheminatum

280 763 475 829 minuitur
497 766 629 844 lusus,
653 761 894 848 vegetationi
916 761 969 824 sit
993 757 1168 822 inimica.
1200 755 1336 824 Efficit
1435 762 1438 845 ζ

282 867 428 952 quippo
449 871 553 933 calor
572 866 804 951 expansione
823 883 913 940 sua,
932 868 977 928 ut
996 864 1239 929 substantiae
1268 884 1335 949 op·

280 971 435 1054 positae
467 973 588 1034 semet
617 975 843 1053 penetrare,
867 973 907 1031 et
931 965 974 1031 in
995 987 1034 1032 se
1061 971 1199 1030 mutuo
1221 985 1335 1052 ngare

281 1078 458 1161 possint,
479 1097 565 1141 oum
586 1075 707 1161 frigus
739 1076 951 1161 particulas
972 1075 1120 1139 coiircet
1139 1079 1179 1142 et
1203 1081 1335 1139 mutu·

283 1197 352 1245 um
382 1181 549 1266 impedit
579 1187 810 1246 contactum.
838 1178 1039 1244 'Chemioa
1066 1181 1162 1245 haec
1195 1181 1336 1246 caloris

282 1287 388 1350 ‘actio
409 1295 527 1350 unam
550 1288 669 1351 etiam
692 1287 898 1352 constituit
928 1304 1105 1360 oausam,
1126 1305 1224 1371 quae
1252 1285 1334 1350 effi·

284 1391 360 1468 eit,
381 1399 425 1455 ut
443 1393 571 1456 morbi
594 1392 719 1469 varii,
750 1393 818 1457 sub
850 1410 1014 1476 quorum
1043 1391 1203 1456 decursu
1225 1393 1334 1456 nisus

285 1494 330 1557 in
363 1493 579 1576 putridam·
598 1495 894 1566 dissolutionem
936 1495 1159 1575 evolvitur,
1182 1496 1333 1561 aestivo
1435 1544 1438 1561 .

282 1599 519 1694 ppaeprimis
540 1606 759 1686 grassentur
779 1605 953 1683 temporo
964 1599 1140 1683 „frigore
1159 1601 1336 1688 hyemali

280 1697 495 1786 plurimum
515 1705 772 1771 mitescentes·
793 1702 885 1768 Inde
910 1703 1030 1767 etiam
1053 1703 1335 1790 antisepti.
1437 1695 1438 1698 ’

282 1827 306 1869 s
322 1829 345 1871 a
362 1810 519 1896 frigoris
539 1811 663 1875 virtus
685 1808 823 1896 (qnam
847 1806 961 1872 cartis
992 1807 1060 1870 sub
1081 1807 1333 1886 circumstan-

282 1912 356 1982 aiis
381 1915 546 2001 exerit),
569 1934 593 1979 a
614 1913 772 1978 medicis
792 1911 976 2006 practicis
1006 1911 1151 1976 dudum
1172 1913 1331 1996 agnita,

281 2021 326 2080 et
367 2017 643 2088 recentissimis
689 2013 1025 2088 observationibus
1073 2014 1306 2084 confirmata
1324 2065 1336 2104 ,

273 2119 538 2206 intelligitur.

368 2265 603 2330 Renituntur
620 2263 877 2349 eugemonii,
908 2264 1153 2351 perfectiores
1184 2265 1332 2350 praeci·

278 2353 380 2449 pue,
405 2367 542 2432 caloris
565 2374 601 2432 et
619 2368 777 2452 frigoris
805 2367 977 2442 effectui,
1002 2367 1096 2432 adeo
1109 2408 1119 2443 ‚
1141 2373 1187 2432 ut
1210 2353 1331 2434 homo

281 2469 478 2535 diversum
510 2473 685 2554 perferre·
707 2472 831 2553 possit
851 2477 1137 2554 temperaturae
1168 2471 1330 2556 gradum

281 2571 455 2658 (§.'A5.);
472 2573 505 2636 si
533 2561 664 2640 tamen
688 2573 826 2637 caloris
851 2579 918 2637 aut
936 2573 1094 2658 frigoris
1122 2574 1250 2638 nimio
1270 2575 1331 2638 fu·

246 2723 249 2730 .
278 2677 359 2742 erit
379 2677 572 2751 intensio,
593 2683 697 2754 tum,
719 2683 763 2760 ut
783 2677 985 2742 ambustae
1017 2683 1083 2742 aut
1105 2677 1331 2764 congelatae

279 2778 490 2844 ostendunt
518 2785 671 2862 partes,
692 2779 824 2845 mistio
855 2780 1056 2865 organica,
1080 2787 1198 2866 atque
1227 2781 1331 2846 vires
1434 2792 1438 2811 ¹

279 2882 422 2947 vitales
446 2883 563 2948 simul
583 2883 840 2948 destruuntur.
863 2873 1051 2947 Fessimos
1073 2885 1226 2949 effectus
1258 2905 1329 2948 au·

282 2990 362 3051 tem
389 2993 541 3072 ponunt
569 2988 732 3072 majores
765 2986 901 3053 caloris
933 2991 970 3050 et
998 2985 1155 3070 frigoris
1185 2987 1329 3072 gradus

281 3100 376 3159 tnnc
388 3095 491 3176 ,ubi
521 3091 726 3180 repentina
751 3092 799 3158 fit
823 3096 1106 3176 temperaturae
1138 3095 1328 3172 mutatio,

284 3215 360 3282 quo
394 3197 575 3282 organica
611 3197 799 3280 materies
823 3217 869 3259 ex
900 3193 1047 3278 majore
1079 3195 1327 3280 expansionis

273 3307 387 3378 statu
411 3301 460 3366 a'd
481 3300 786 3369 contractionem
805 3299 1041 3384 maximam,
1067 3305 1134 3376 aut
1153 3301 1326 3378 vicissim

279 3405 447 3490 wogitur.
521 3425 543 3447 ··
614 3431 617 3445 ¹
972 3411 975 3421 “

380 3526 924 3651 ‚ofluuuonouspr1-9nn.
964 3515 970 3540 ‘

734 3742 765 3814 ς.
808 3751 887 3816 aen.

455 3885 737 4009 Dynamica
770 3923 961 3992 caloris
993 3919 1150 4028 actio.

363 4085 664 4184 Praecipua‘est·
681 4091 819 4159 caloris
847 4077 1043 4178 potentia,
1066 4107 1143 4174 que
1171 4087 1326 4170 impon-

279 4191 513 4264 innabilium
532 4219 660 4276 more,
682 4201 936 4269 summatum
956 4199 1152 4270 celeritate
1163 4243 1174 4278 ,
1196 4198 1237 4264 in
1262 4193 1324 4260 vi·

273 4299 377 4376 was
397 4302 480 4387 agit
501 4303 613 4370 vires.
642 4305 810 4392 Exigunt
831 4303 961 4372 omnia
984 4303 1168 4373 animalis
1192 4319 1325 4385 corpo·
