2902 4996
286 439 350 510 540
370 426 457 490 Lre.
476 419 523 485 11.
551 419 640 483 cnr.
659 413 719 482 Iv.
742 415 802 482 Du
828 425 976 480 eruero.
998 365 1127 480 virui
1147 362 1288 478 nerii.

291 565 503 634 dividualis
523 557 769 636 constitutio,
794 553 1117 644 quemadmodum
1149 555 1334 642 frequen·

297 679 354 738 ter
376 669 575 742 videmus,
596 666 751 748 penitus
775 663 855 726 alie
874 653 1250 726 reddatur.·Trihuit
1270 677 1339 723 au·

296 781 376 839 tem
402 773 534 836 eadem
557 766 785 832 constitutio
807 766 942 850 cuique
963 761 1165 828 individuo
1189 761 1337 843 peculi-

296 895 401 940 arem
433 869 1021 950 stimulorum*receptiuitatem
1056 872 1094 931 et
1127 863 1343 931 reactionia
1406 915 1413 924 .

1445 479 1447 532 ι

291 981 527 1062 potestatem
543 974 679 1060 {ponit
696 974 919 1036 morborum
930 971 1140 1054 diatheses,
1151 975 1190 1034 et
1210 969 1344 1052 ipsum
1445 977 1447 1000 ²

294 1073 413 1147 etiam
433 1081 656 1142 morborum
680 1077 938 1155 characterem
958 1076 1015 1139 ita
1033 1071 1282 1152 determinat,
1296 1077 1341 1134 ut
1445 1133 1446 1170 ᾖ

296 1184 477 1247 morbum
498 1180 659 1242 eundem
677 1178 720 1242 in
744 1176 851 1242 omni
874 1179 997 1242 ferme
1019 1196 1154 1261 aegro,
1173 1175 1241 1242 sub
1274 1173 1343 1238 iis·

289 1287 378 1353 dem
401 1281 847 1354 circumstantiis‚aliter
867 1286 981 1364 etque
997 1280 1112 1343 aliter
1134 1275 1337 1342 decurrere

291 1387 425 1450 videas
437 1425 448 1459 ,
470 1390 507 1448 et
525 1382 701 1446 medendi
722 1383 843 1446 etiem
867 1381 968 1444 ratio
991 1379 1216 1446 individuae
1248 1397 1340 1444 con·

293 1485 497 1552 stitutioni
527 1483 814 1550 adcommodari
849 1484 1000 1548 debeat.
1108 1523 1110 1528 -

762 1677 795 1746 §s
813 1680 885 1748 240.

486 1845 819 1924 Functionum
857 1853 1134 1962 oppositio·

246 2027 250 2038 ·
300 1999 446 2062 Virium
480 2005 519 2062 et
548 2000 904 2080 phaenomenorum
935 1998 1143 2064 antithesis
1179 1999 1220 2062 in
1250 1999 1343 2063 uni·

300 2124 409 2168 verse
427 2107 646 2179 constanter
668 2101 775 2184 viget
793 2106 957 2174 natura,
980 2108 1111 2184 estque
1143 2101 1342 2185 oppositio

293 2206 392 2270 haec
410 2226 481 2289 pro
505 2206 591 2268 vita
606 2205 787 2267 universa
809 2208 847 2267 et
866 2202 1067 2268 individua
1087 2206 1247 2272 omnino
1271 2225 1340 2270 ne·

300 2312 481 2392 cessaria.
504 2306 594 2371 Inde
620 2309 739 2369 etiam
762 2310 836 2384 est,
862 2307 963 2391 quod
991 2325 1135 2390 organa
1165 2311 1340 2394 corporis
1438 2310 1442 2381 ἑ

289 2410 481 2476 animalis
506 2412 547 2474 in
565 2409 755 2491 singulari
776 2409 968 2485 existent,
998 2412 1125 2494 polari
1153 2413 1343 2498 quodem·
1413 2396 1441 2496 ,ἶ

297 2511 412 2578 modo
444 2510 712 2596 oppositione,
735 2510 957 2576 functiones
978 2518 1112 2578 mutuo
1130 2535 1208 2580 sesa
1230 2513 1340 2578 limi·

298 2620 384 2680 tent
396 2655 408 2689 ,
432 2605 695 2690 'contractivae
715 2611 836 2674 hicet
859 2613 956 2676 alibi
977 2616 1208 2696 expansivae
1226 2637 1339 2700 prae-
1437 2662 1441 2675 .

300 2721 460 2785 valeant
474 2719 574 2782 vires
586 2763 598 2796 ,
612 2717 676 2781 hic
689 2763 698 2796 ,
713 2718 944 2800 oxygonium
967 2728 1005 2785 et
1017 2722 1113 2786 alibi
1124 2724 1341 2810 phlogisti·

301 2843 346 2888 ca
367 2821 613 2885 dominentur
639 2821 692 2912 (§3
703 2822 810 2915 ⁶.7·)’'
831 2841 950 2906 eaque
979 2825 1122 2889 existat
1152 2828 1342 2894 materiae

304 2933 345 2992 et
362 2926 506 2992 virium
529 2922 871 3018 differentiasque
889 2947 984 3010 opus
1007 2935 1085 3004 ost,
1108 2937 1154 2998 ut
1181 2932 1256 2996 illa
1273 2954 1343 3018 po·

302 3039 420 3096 natur
447 3043 488 3092 ec
510 3033 754 3094 conservetur
775 3030 1130 3114 phaenomenorum
1157 3034 1343 3113 varietas,
1444 3059 1445 3070 ¹

302 3157 380 3222 qua
402 3135 614 3218 organismi
639 3135 886 3216 perfectiores
908 3157 986 3200 sese
1016 3137 1261 3221 distinguunt
1286 3139 1339 3223 (ς.

301 3243 394 3324 44..)
301 3237 511 3320 44940
521 3237 883 3321 lgrturperfectiora
896 3239 1042 3304 fuerint
1053 3258 1211 3324 corpora
1221 3243 1342 3331 phae-

302 3340 533 3413 nerobiota,
553 3343 665 3403 tanto
681 3335 812 3420 plures
840 3347 1042 3437 occurrunt
1060 3361 1290 3426 organorum
1303 3351 1342 3409 et

299 3417 547 3516 functionum
569 3441 804 3519 antitheses,
829 3431 925 3530 quae
944 3446 1054 3529 varia
1074 3445 1215 3512 iterum
1236 3448 1341 3514 inter

303 3567 342 3610 se
366 3541 554 3609 differunt
575 3543 739 3609 ratione.

386 3691 501 3773 Viget
521 3707 566 3750 ea
587 3673 781 3788 oppositio
801 3681 1006 3772 praecipue
1035 3688 1138 3758 inter
1166 3693 1341 3779 systema

300 3793 484 3860 sensibile
507 3795 544 3854 et
565 3783 896 3867 irritabile,inter
913 3811 1051 3860 nervos
1073 3799 1111 3858 et
1131 3797 1339 3878 musculos,

301 3898 482 3979 interque
501 3893 588 3957 illos
611 3896 648 3982 et
668 3911 764 3955 vasa
785 3895 1002 3977 sanguisera
1024 3913 1065 3960 ac
1088 3899 1339 3980 secernentia3
1441 3929 1442 3948 1

299 4000 399 4064 ‘certi
429 4001 629 4080 praeterea
658 3995 900 4060 functionum
933 3997 1190 4067 ordines'sibi
1223 4021 1343 4088 oppo-

300 4108 447 4172 nuntur
468 4101 549 4172 ita,
578 4102 621 4160 ut
642 4111 800 4161 munera
821 4101 954 4184 aliqua
974 4107 1229 4190 oxygonium,
1258 4106 1341 4170 alia

302 4223 398 4272 vero
421 4197 658 4285 phlogistira
678 4207 843 4294 eugenni
865 4197 988 4284 (airis
1006 4208 1241 4292 respiratio,
1250 4209 1340 4272 fun·

300 4300 380 4376 ctio
406 4315 639 4390 organorum
660 4289 954 4398 digerentium)
990 4307 1101 4400 Viget
1132 4307 1339 4382 antithesin
