2904 5004
284 375 344 452 nd
363 359 505 438 Lsall.
526 361 619 459 Car<
626 353 672 430 11.
694 349 752 429 Dr
765 367 963 427 saumuro.
981 374 1093 428 corr.
1106 377 1276 430 suarem.

283 515 314 580 li
336 510 566 599 cylindrum.
586 507 639 571 Ex
657 493 842 570 interfore
857 506 1001 590 vagina
1018 505 1130 570 bulbi
1148 507 1327 576 filamen·

284 625 327 684 ta
347 614 503 680 elastica
515 610 727 678 vesiculosa
747 609 915 695 quinque
934 610 1326 697 usque‚decem,quae

282 724 434 784 Catane
469 712 647 797 corpori,
680 711 781 797 quod
807 732 951 794 pennas
982 713 1113 783 avium
1146 717 1327 793 refercit,

280 819 431 888 similia
454 815 662 899 comperit,
685 812 734 876 ad
764 811 837 896 pili
867 814 1086 900 cylindrum
1115 817 1322 905 accedunt,

276 903 487 992 nutritium
506 918 677 1008 pilorum
696 921 926 1000 apparatum
946 915 1236 1002 constituentia.

259 1075 262 1080 ⁵
360 1089 532 1156 Medulla
564 1085 729 1150 crinium
769 1053 955 1150 celluloea
988 1092 1067 1162 est,
1091 1092 1129 1151 et
1149 1089 1325 1154 continet

277 1198 481 1260 humorem
500 1188 690 1268 viscidum
700 1227 713 1264 ,
732 1187 928 1264 oleosum,
947 1207 1021 1272 quo
1043 1189 1117 1270 pili
1132 1179 1323 1259 'continuo

280 1299 518 1362 illiniuntur.
550 1297 649 1360 Vasa
679 1293 896 1382 peculiaria
922 1292 964 1358 in
994 1287 1200 1360 medullari
1226 1299 1326 1381 pilo·

278 1421 364 1468 rum
386 1397 602 1464 substantia
624 1401 706 1460 arte
728 1394 882 1480 quidem
915 1395 1000 1458 sisti
1020 1397 1125 1462 haud
1145 1405 1318 1481 possunt,

277 1502 403 1568 multa
424 1499 556 1566 tamen
578 1491 666 1563 sunt
678 1540 688 1572 ,
702 1510 798 1596 quae
818 1499 1081 1579 praesentiam
1109 1500 1239 1564 eor'um
1260 1523 1323 1566 ex·

277 1609 341 1667 tra
368 1622 522 1666 omnem
552 1606 701 1684 ponunt
733 1599 991 1663 dubitationis
1020 1600 1159 1669 locum.
1201 1605 1325 1668 Docet
1436 1633 1437 1640 ¹

277 1703 319 1770 id
345 1706 434 1768 ante
456 1702 588 1768 omnia
610 1702 781 1785 pilorum
813 1701 1026 1774 exhalatio,
1052 1721 1149 1787 quae
1171 1706 1322 1786 gravis·
1436 1718 1437 1768 l

276 1809 369 1879 simi
389 1813 444 1871 est
466 1805 656 1870 momenti
673 1805 715 1868 in
737 1804 901 1867 animali
922 1805 1322 1872 oeconomiatetenim
1436 1805 1437 1836 ¹

279 1912 413 1995 capilli
434 1909 566 1973 abrasi
589 1910 630 1972 in
651 1909 876 1972 hominibus
891 1928 974 1992 ,non
998 1907 1169 1973 adsuetis
1189 1913 1321 1976 variae

278 2035 392 2097 saepe
430 2014 610 2077 adferunt
649 2009 919 2085 adfectiones,
951 2017 1081 2099 estque
1122 2013 1321 2098 frequenti

199 2147 201 2154 ·
279 2117 574 2202 comprohatum
596 2107 1037 2198 eiperientiafflericulo
1060 2118 1215 2201 plenam
1240 2141 1318 2182 esse

279 2221 537 2302 capillorum,
569 2218 638 2280 sub
670 2217 894 2279 morborum
929 2224 1129 2282 acutorum
1160 2219 1319 2284 decursu

190 2322 194 2334 ’
277 2311 616 2402 complicatorum,
637 2317 921 2382 abscissionem.
954 2305 1169 2385 Secretioni'
1195 2325 1322 2386 omni·

231 2435 233 2439 ·
277 2436 328 2483 no
353 2417 500 2484 dicatos
522 2441 602 2485 esse
624 2419 722 2502 pilos
754 2420 1057 2485 trichomas.
1080 2425 1320 2508 plicapo·

171 2565 179 2573 -
278 2522 457 2586 Ionica
479 2521 670 2599 ostendit,
691 2523 759 2585 ubi
781 2523 915 2606 capilli
944 2525 1173 2606 ‘complicati
1202 2529 1323 2610 gluti-

278 2644 376 2691 nosa
400 2632 438 2690 et
459 2634 619 2691 cruenta
650 2626 812 2691 materie
834 2629 1056 2704 abundant,
1086 2635 1123 2694 et
1151 2634 1319 2698 sensibi-

279 2732 335 2794 les
357 2729 473 2794 etiam
494 2751 604 2816 saepe
625 2729 740 2796 fiunt.
763 2732 934 2796 Pilorum
955 2734 1080 2809 color,
1102 2737 1168 2820 qui
1189 2739 1320 2804 sedem

277 2835 320 2900 in
346 2834 551 2898 medullari
573 2835 796 2900 substantia
820 2838 961 2914 habet,
978 2838 1200 2924 analogiam
1232 2864 1320 2908 cum
1435 2839 1436 2908 l

163 2920 166 2939 ¹
209 3015 210 3018 Ἴ
278 2936 363 3000 reti·
382 2956 542 3020 mucoso*
565 2937 817 3021 ostendit(§.
852 2942 1086 3026 142.);inde
1115 2945 1321 3030 est‚qu0d

274 3041 459 3108 ferventis
480 3042 649 3106 climatis
670 3042 819 3122 incolae
838 3046 991 3130 nigram
1010 3047 1180 3111 habeant
1197 3053 1320 3116 cutim

277 3149 316 3214 et
334 3145 431 3206 tales
454 3143 572 3207 etiam
593 3143 706 3226 pilos.
729 3145 810 3209 Non
822 3153 953 3212 tamen
973 3169 1123 3233 semper
1140 3153 1213 3235 pili
1238 3157 1320 3220 cuti

278 3246 496 3309 concolores
530 3252 644 3322 sunt,
675 3247 790 3323 adeo,
823 3255 866 3312 ut
897 3271 1007 3335 saepe
1034 3252 1234 3319 videamus
1260 3255 1319 3318 al·

275 3349 479 3416 hissimam
516 3349 636 3412 cutim
679 3353 871 3415 aterrimis
912 3355 1077 3432 obsitam
1110 3356 1221 3439 pilis,
1254 3360 1321 3424 vel

288 3458 373 3514 cute
394 3452 500 3513 fusca
524 3451 654 3515 rufum
675 3462 860 3535 appareat
882 3458 1140 3538 capillitium3
1162 3481 1229 3524 nec
1255 3484 1319 3526 ra·

283 3574 369 3618 rum
400 3559 456 3616 est
486 3551 720 3633 capillitium
749 3557 901 3640 nigrum
934 3581 1019 3626 cum
1049 3564 1171 3628 rutila
1196 3566 1322 3630 barba

276 3657 340 3722 vel
363 3647 437 3719 tali
457 3661 628 3743 mystace
645 3651 818 3741 junctum
840 3681 1001 3728 cernere.

252 3904 256 3910 .
305 3862 309 3873 ,
359 3822 426 3884 Est
455 3827 582 3886 autem
610 3823 779 3904 pilorum
813 3825 917 3892 color
945 3829 986 3893 in
1025 3831 1249 3900 hominibus
1280 3843 1318 3904 et
1434 3813 1435 3860 ἢ

275 3921 401 3986 brutis
441 3922 677 3988 animalibus
711 3923 945 3995 inconstans.
979 3933 1114 3997 Foetui
1144 3937 1316 4006 humano

274 4033 354 4094 fere
374 4027 483 4089 albus
505 4035 572 4101 cst,
588 4034 626 4092 et
645 4029 811 4113 tingitur
830 4034 998 4115 pilorum
1019 4058 1146 4102 succus
1159 4061 1317 4128 sequen.
1434 4019 1435 4074 3

274 4136 312 4214 te
335 4134 463 4190 aetate
483 4130 732 4212 profundius;
755 4135 821 4220 qui
849 4140 999 4200 vernali
1029 4146 1201 4223 tempore
1230 4147 1315 4210 ani·
1434 4133 1435 4192 ἶ

273 4230 439 4296 malibus
461 4237 1063 4321 succrescuntpili,profundiore
1084 4249 1209 4329 colore
1228 4269 1313 4332 pas·
