<?xml version="1.0" encoding="UTF-8"?>
<!DOCTYPE html PUBLIC "-//W3C//DTD XHTML 1.0 Transitional//EN"
    "http://www.w3.org/TR/xhtml1/DTD/xhtml1-transitional.dtd">
<html xmlns="http://www.w3.org/1999/xhtml" xml:lang="en" lang="en">
 <head>
  <title>
</title>
<meta http-equiv="Content-Type" content="text/html;charset=utf-8" />
  <meta name='ocr-system' content='tesseract 3.04.00' />
  <meta name='ocr-capabilities' content='ocr_page ocr_carea ocr_par ocr_line ocrx_word'/>
</head>
<body>
  <div class='ocr_page' id='page_1' title='image "./physiologiamedi02lenhgoog_0131.png"; bbox 0 0 2904 5004; ppageno 0'>
   <div class='ocr_carea' id='block_1_1' title="bbox 270 367 1263 600">
    <p class='ocr_par' dir='ltr' id='par_1_1' title="bbox 270 367 1263 600">
     <span class='ocr_line' id='line_1_1' title="bbox 270 367 1263 480; baseline -0.014 -28"><span class='ocrx_word' id='word_1_1' title='bbox 270 387 329 480; x_wconf 69' lang='grc' dir='ltr'>ιιι</span> <span class='ocrx_word' id='word_1_2' title='bbox 350 375 435 474; x_wconf 77' lang='lat' dir='ltr'>Lm.</span> <span class='ocrx_word' id='word_1_3' title='bbox 448 371 495 478; x_wconf 84' lang='lat' dir='ltr'>ll.</span> <span class='ocrx_word' id='word_1_4' title='bbox 515 375 607 442; x_wconf 76' lang='lat' dir='ltr'>car.</span> <span class='ocrx_word' id='word_1_5' title='bbox 618 367 663 438; x_wconf 89' lang='lat'>11.</span> <span class='ocrx_word' id='word_1_6' title='bbox 683 369 743 439; x_wconf 76' lang='lat' dir='ltr'>De</span> <span class='ocrx_word' id='word_1_7' title='bbox 756 381 847 460; x_wconf 78' lang='lat' dir='ltr'>eeu.</span> <span class='ocrx_word' id='word_1_8' title='bbox 861 383 1085 440; x_wconf 76' lang='lat' dir='ltr'>auu-coar.</span> <span class='ocrx_word' id='word_1_9' title='bbox 1101 381 1263 464; x_wconf 62' lang='lat' dir='ltr'>creatu,</span> 
     </span>
     <span class='ocr_line' id='line_1_2' title="bbox 719 523 863 600; baseline 0.021 -6"><span class='ocrx_word' id='word_1_10' title='bbox 719 523 748 594; x_wconf 81' lang='lat' dir='ltr'>i·</span> <span class='ocrx_word' id='word_1_11' title='bbox 795 529 863 600; x_wconf 76' lang='lat'><strong>149·</strong></span> 
     </span>
    </p>
   </div>
   <div class='ocr_carea' id='block_1_2' title="bbox 452 699 1130 796">
    <p class='ocr_par' dir='ltr' id='par_1_2' title="bbox 452 699 1130 796">
     <span class='ocr_line' id='line_1_3' title="bbox 452 699 1130 796; baseline -0.006 -26"><span class='ocrx_word' id='word_1_12' title='bbox 452 699 697 770; x_wconf 87' lang='lat' dir='ltr'>Evolutio</span> <span class='ocrx_word' id='word_1_13' title='bbox 722 699 1130 796; x_wconf 65' lang='lat' dir='ltr'>etreproduotio</span> 
     </span>
    </p>
   </div>
   <div class='ocr_carea' id='block_1_3' title="bbox 230 857 1316 1262">
    <p class='ocr_par' dir='ltr' id='par_1_3' title="bbox 230 857 1316 1262">
     <span class='ocr_line' id='line_1_4' title="bbox 348 857 1313 946; baseline -0.004 -20"><span class='ocrx_word' id='word_1_14' title='bbox 348 863 448 934; x_wconf 81' lang='lat' dir='ltr'>Ante</span> <span class='ocrx_word' id='word_1_15' title='bbox 481 879 650 946; x_wconf 80' lang='lat' dir='ltr'>mensem</span> <span class='ocrx_word' id='word_1_16' title='bbox 692 858 899 942; x_wconf 86' lang='lat' dir='ltr'>secundum</span> <span class='ocrx_word' id='word_1_17' title='bbox 930 857 1089 944; x_wconf 88' lang='lat' dir='ltr'>embryo</span> <span class='ocrx_word' id='word_1_18' title='bbox 1118 859 1313 936; x_wconf 83' lang='lat' dir='ltr'>humanus</span> 
     </span>
     <span class='ocr_line' id='line_1_5' title="bbox 230 962 1316 1052; baseline -0.006 -20"><span class='ocrx_word' id='word_1_19' title='bbox 230 1033 233 1042; x_wconf 64' lang='grc'>,</span> <span class='ocrx_word' id='word_1_20' title='bbox 265 985 421 1050; x_wconf 79' lang='lat' dir='ltr'>mucosa</span> <span class='ocrx_word' id='word_1_21' title='bbox 441 965 606 1052; x_wconf 87' lang='lat' dir='ltr'>quedam</span> <span class='ocrx_word' id='word_1_22' title='bbox 626 962 845 1050; x_wconf 78' lang='lat' dir='ltr'>substantie</span> <span class='ocrx_word' id='word_1_23' title='bbox 871 963 1094 1038; x_wconf 79' lang='lat' dir='ltr'><strong>obvelatur,</strong></span> <span class='ocrx_word' id='word_1_24' title='bbox 1114 981 1208 1048; x_wconf 86' lang='lat' dir='ltr'>quae</span> <span class='ocrx_word' id='word_1_25' title='bbox 1231 965 1316 1026; x_wconf 88' lang='lat' dir='ltr'>len-</span> 
     </span>
     <span class='ocr_line' id='line_1_6' title="bbox 266 1069 1316 1158; baseline -0.008 -19"><span class='ocrx_word' id='word_1_26' title='bbox 266 1081 306 1139; x_wconf 92' lang='lat' dir='ltr'>to</span> <span class='ocrx_word' id='word_1_27' title='bbox 328 1075 516 1158; x_wconf 78' lang='lat' dir='ltr'>spissatur</span> <span class='ocrx_word' id='word_1_28' title='bbox 536 1091 687 1158; x_wconf 77' lang='lat' dir='ltr'>gressu,</span> <span class='ocrx_word' id='word_1_29' title='bbox 709 1069 825 1154; x_wconf 91' lang='lat' dir='ltr'>inque</span> <span class='ocrx_word' id='word_1_30' title='bbox 847 1069 1114 1152; x_wconf 72' lang='lat' dir='ltr'>membranam</span> <span class='ocrx_word' id='word_1_31' title='bbox 1141 1069 1316 1144; x_wconf 89' lang='lat' dir='ltr'>mollem,</span> 
     </span>
     <span class='ocr_line' id='line_1_7' title="bbox 266 1173 1316 1262; baseline -0.005 -19"><span class='ocrx_word' id='word_1_32' title='bbox 266 1179 504 1262; x_wconf 89' lang='lat' dir='ltr'>diaphanem</span> <span class='ocrx_word' id='word_1_33' title='bbox 528 1177 742 1252; x_wconf 60' lang='lat' dir='ltr'>formatum</span> <span class='ocrx_word' id='word_1_34' title='bbox 763 1195 785 1236; x_wconf 86' lang='lat' dir='ltr'>a</span> <span class='ocrx_word' id='word_1_35' title='bbox 805 1173 969 1236; x_wconf 85' lang='lat' dir='ltr'>secundo</span> <span class='ocrx_word' id='word_1_36' title='bbox 990 1191 1124 1238; x_wconf 83' lang='lat' dir='ltr'>meuse</span> <span class='ocrx_word' id='word_1_37' title='bbox 1154 1179 1316 1238; x_wconf 87' lang='lat' dir='ltr'>cutane-</span> 
     </span>
    </p>
   </div>
   <div class='ocr_carea' id='block_1_4' title="bbox 156 1273 1311 1368">
    <p class='ocr_par' dir='ltr' id='par_1_4' title="bbox 156 1273 1311 1368">
     <span class='ocr_line' id='line_1_8' title="bbox 156 1273 1311 1368; baseline -0.001 -24"><span class='ocrx_word' id='word_1_38' title='bbox 156 1296 161 1310; x_wconf 74' lang='lat'>¹</span> <span class='ocrx_word' id='word_1_39' title='bbox 263 1300 330 1344; x_wconf 94' lang='lat' dir='ltr'>um</span> <span class='ocrx_word' id='word_1_40' title='bbox 351 1287 522 1368; x_wconf 84' lang='lat' dir='ltr'>systema</span> <span class='ocrx_word' id='word_1_41' title='bbox 544 1294 667 1362; x_wconf 80' lang='lat' dir='ltr'>megrs</span> <span class='ocrx_word' id='word_1_42' title='bbox 694 1273 931 1358; x_wconf 62' lang='lat' dir='ltr'>explicatum</span> <span class='ocrx_word' id='word_1_43' title='bbox 963 1282 1020 1340; x_wconf 90' lang='lat' dir='ltr'>est</span> <span class='ocrx_word' id='word_1_44' title='bbox 1049 1282 1179 1342; x_wconf 88' lang='lat' dir='ltr'>temen</span> <span class='ocrx_word' id='word_1_45' title='bbox 1210 1278 1311 1342; x_wconf 90' lang='lat' dir='ltr'>cutis</span> 
     </span>
    </p>
   </div>
   <div class='ocr_carea' id='block_1_5' title="bbox 258 1363 1321 2714">
    <p class='ocr_par' dir='ltr' id='par_1_5' title="bbox 263 1363 1303 1464">
     <span class='ocr_line' id='line_1_9' title="bbox 263 1363 1303 1464; baseline -0.005 -17"><span class='ocrx_word' id='word_1_46' title='bbox 263 1383 305 1448; x_wconf 89' lang='lat' dir='ltr'>in</span> <span class='ocrx_word' id='word_1_47' title='bbox 325 1379 432 1445; x_wconf 83' lang='lat' dir='ltr'>foetu</span> <span class='ocrx_word' id='word_1_48' title='bbox 451 1381 575 1444; x_wconf 89' lang='lat' dir='ltr'>multo</span> <span class='ocrx_word' id='word_1_49' title='bbox 596 1379 751 1444; x_wconf 82' lang='lat' dir='ltr'>tenuior</span> <span class='ocrx_word' id='word_1_50' title='bbox 773 1397 888 1464; x_wconf 84' lang='lat' dir='ltr'>quam</span> <span class='ocrx_word' id='word_1_51' title='bbox 911 1377 1011 1461; x_wconf 84' lang='lat' dir='ltr'>apud</span> <span class='ocrx_word' id='word_1_52' title='bbox 1033 1363 1208 1444; x_wconf 81' lang='lat' dir='ltr'>adultum</span> <span class='ocrx_word' id='word_1_53' title='bbox 1230 1383 1303 1446; x_wconf 84' lang='lat' dir='ltr'>ho·</span> 
     </span>
    </p>

    <p class='ocr_par' dir='ltr' id='par_1_6' title="bbox 259 1483 1321 2406">
     <span class='ocr_line' id='line_1_10' title="bbox 262 1483 1312 1590; baseline -0.001 -39"><span class='ocrx_word' id='word_1_54' title='bbox 262 1487 422 1588; x_wconf 79' lang='lat' dir='ltr'>minem.</span> <span class='ocrx_word' id='word_1_55' title='bbox 445 1486 537 1550; x_wconf 85' lang='lat' dir='ltr'>Cum</span> <span class='ocrx_word' id='word_1_56' title='bbox 560 1505 700 1569; x_wconf 91' lang='lat' dir='ltr'>paucos</span> <span class='ocrx_word' id='word_1_57' title='bbox 723 1484 881 1590; x_wconf 78' lang='lat' dir='ltr'>embryo</span> <span class='ocrx_word' id='word_1_58' title='bbox 909 1483 1257 1572; x_wconf 89' lang='lat' dir='ltr'>perficietmotus,</span> <span class='ocrx_word' id='word_1_59' title='bbox 1271 1493 1312 1550; x_wconf 89' lang='lat' dir='ltr'>et</span> 
     </span>
     <span class='ocr_line' id='line_1_11' title="bbox 264 1573 1310 1686; baseline -0.002 -28"><span class='ocrx_word' id='word_1_60' title='bbox 264 1592 419 1678; x_wconf 77' lang='lat' dir='ltr'>copiosa</span> <span class='ocrx_word' id='word_1_61' title='bbox 442 1591 709 1686; x_wconf 71' lang='lat' dir='ltr'>substernatur</span> <span class='ocrx_word' id='word_1_62' title='bbox 727 1573 921 1673; x_wconf 80' lang='lat' dir='ltr'><strong>pinguedo</strong></span> <span class='ocrx_word' id='word_1_63' title='bbox 942 1589 992 1672; x_wconf 74' lang='grc' dir='ltr'>(ς.</span> <span class='ocrx_word' id='word_1_64' title='bbox 1017 1589 1108 1678; x_wconf 78' lang='grc'><strong>114.)</strong></span> <span class='ocrx_word' id='word_1_65' title='bbox 1121 1591 1310 1674; x_wconf 84' lang='lat' dir='ltr'>„paucie-</span> 
     </span>
     <span class='ocr_line' id='line_1_12' title="bbox 260 1677 1321 1780; baseline -0.004 -16"><span class='ocrx_word' id='word_1_66' title='bbox 260 1685 383 1764; x_wconf 72' lang='lat' dir='ltr'>eimae</span> <span class='ocrx_word' id='word_1_67' title='bbox 408 1703 594 1780; x_wconf 81' lang='lat' dir='ltr'>apparent</span> <span class='ocrx_word' id='word_1_68' title='bbox 613 1713 742 1779; x_wconf 77' lang='lat' dir='ltr'>rugae.</span> <span class='ocrx_word' id='word_1_69' title='bbox 760 1677 960 1759; x_wconf 85' lang='lat' dir='ltr'>¹Adhaeret</span> <span class='ocrx_word' id='word_1_70' title='bbox 981 1696 1077 1760; x_wconf 90' lang='lat' dir='ltr'>cutis</span> <span class='ocrx_word' id='word_1_71' title='bbox 1109 1695 1321 1779; x_wconf 64' lang='lat' dir='ltr'>subieram*</span> 
     </span>
     <span class='ocr_line' id='line_1_13' title="bbox 262 1782 1314 1900; baseline -0.004 -31"><span class='ocrx_word' id='word_1_72' title='bbox 262 1795 366 1874; x_wconf 83' lang='lat' dir='ltr'>tibus</span> <span class='ocrx_word' id='word_1_73' title='bbox 395 1803 576 1900; x_wconf 75' lang='lat' dir='ltr'>partibus</span> <span class='ocrx_word' id='word_1_74' title='bbox 605 1801 678 1884; x_wconf 82' lang='lat' dir='ltr'>bac</span> <span class='ocrx_word' id='word_1_75' title='bbox 708 1782 845 1876; x_wconf 80' lang='lat' dir='ltr'>aetate</span> <span class='ocrx_word' id='word_1_76' title='bbox 868 1800 995 1864; x_wconf 88' lang='lat' dir='ltr'>multo</span> <span class='ocrx_word' id='word_1_77' title='bbox 1027 1799 1178 1877; x_wconf 87' lang='lat' dir='ltr'>minus,</span> <span class='ocrx_word' id='word_1_78' title='bbox 1210 1800 1314 1865; x_wconf 85' lang='lat' dir='ltr'>unde</span> 
     </span>
     <span class='ocr_line' id='line_1_14' title="bbox 264 1903 1312 1990; baseline -0.004 -18"><span class='ocrx_word' id='word_1_79' title='bbox 264 1907 462 1973; x_wconf 87' lang='lat' dir='ltr'>demortuo</span> <span class='ocrx_word' id='word_1_80' title='bbox 485 1905 590 1971; x_wconf 86' lang='lat' dir='ltr'>intra</span> <span class='ocrx_word' id='word_1_81' title='bbox 612 1911 831 1976; x_wconf 85' lang='lat' dir='ltr'>maternum</span> <span class='ocrx_word' id='word_1_82' title='bbox 862 1903 990 1970; x_wconf 89' lang='lat' dir='ltr'>sinum</span> <span class='ocrx_word' id='word_1_83' title='bbox 1017 1904 1145 1978; x_wconf 85' lang='lat' dir='ltr'>foetu,</span> <span class='ocrx_word' id='word_1_84' title='bbox 1170 1905 1312 1990; x_wconf 80' lang='lat' dir='ltr'>vixque</span> 
     </span>
     <span class='ocr_line' id='line_1_15' title="bbox 261 2007 1314 2102; baseline -0.004 -26"><span class='ocrx_word' id='word_1_85' title='bbox 261 2007 411 2076; x_wconf 87' lang='lat' dir='ltr'>oborta</span> <span class='ocrx_word' id='word_1_86' title='bbox 422 2008 647 2102; x_wconf 84' lang='lat' dir='ltr'>putredine,</span> <span class='ocrx_word' id='word_1_87' title='bbox 669 2029 843 2094; x_wconf 77' lang='lat' dir='ltr'>separari</span> <span class='ocrx_word' id='word_1_88' title='bbox 864 2008 1016 2091; x_wconf 81' lang='lat' dir='ltr'>1n01p1t</span> <span class='ocrx_word' id='word_1_89' title='bbox 1047 2009 1230 2073; x_wconf 79' lang='lat' dir='ltr'>Vesorum</span> <span class='ocrx_word' id='word_1_90' title='bbox 1252 2031 1314 2074; x_wconf 89' lang='lat' dir='ltr'>re-</span> 
     </span>
     <span class='ocr_line' id='line_1_16' title="bbox 261 2097 1314 2206; baseline -0.005 -25"><span class='ocrx_word' id='word_1_91' title='bbox 261 2121 300 2182; x_wconf 86' lang='lat' dir='ltr'>te</span> <span class='ocrx_word' id='word_1_92' title='bbox 314 2157 323 2190; x_wconf 92' lang='lat'>,</span> <span class='ocrx_word' id='word_1_93' title='bbox 336 2114 463 2179; x_wconf 80' lang='lat' dir='ltr'>eatis</span> <span class='ocrx_word' id='word_1_94' title='bbox 453 2132 532 2198; x_wconf 66' lang='lat' dir='ltr'>pam</span> <span class='ocrx_word' id='word_1_95' title='bbox 555 2103 768 2206; x_wconf 82' lang='lat' dir='ltr'>evolutum,</span> <span class='ocrx_word' id='word_1_96' title='bbox 782 2102 977 2195; x_wconf 82' lang='lat' dir='ltr'>copiosum</span> <span class='ocrx_word' id='word_1_97' title='bbox 998 2097 1137 2194; x_wconf 78' lang='lat' dir='ltr'>recipit</span> <span class='ocrx_word' id='word_1_98' title='bbox 1156 2113 1314 2196; x_wconf 76' lang='lat' dir='ltr'>sangui-</span> 
     </span>
     <span class='ocr_line' id='line_1_17' title="bbox 260 2214 1309 2305; baseline -0.001 -24"><span class='ocrx_word' id='word_1_99' title='bbox 260 2235 372 2292; x_wconf 89' lang='lat' dir='ltr'>nem,</span> <span class='ocrx_word' id='word_1_100' title='bbox 394 2215 518 2280; x_wconf 86' lang='lat' dir='ltr'>livide</span> <span class='ocrx_word' id='word_1_101' title='bbox 537 2220 671 2305; x_wconf 82' lang='lat' dir='ltr'>temen</span> <span class='ocrx_word' id='word_1_102' title='bbox 694 2219 854 2297; x_wconf 84' lang='lat' dir='ltr'>apparet</span> <span class='ocrx_word' id='word_1_103' title='bbox 886 2215 983 2304; x_wconf 79' lang='lat' dir='ltr'>cutis</span> <span class='ocrx_word' id='word_1_104' title='bbox 1011 2215 1054 2279; x_wconf 91' lang='lat' dir='ltr'>in</span> <span class='ocrx_word' id='word_1_105' title='bbox 1075 2214 1188 2282; x_wconf 90' lang='lat' dir='ltr'>modo</span> <span class='ocrx_word' id='word_1_106' title='bbox 1213 2223 1309 2288; x_wconf 82' lang='lat' dir='ltr'>nato</span> 
     </span>
     <span class='ocr_line' id='line_1_18' title="bbox 259 2318 1311 2416; baseline 0.004 -32"><span class='ocrx_word' id='word_1_107' title='bbox 259 2323 388 2396; x_wconf 75' lang='lat' dir='ltr'>foetu,</span> <span class='ocrx_word' id='word_1_108' title='bbox 419 2324 456 2390; x_wconf 88' lang='lat' dir='ltr'>et</span> <span class='ocrx_word' id='word_1_109' title='bbox 485 2318 654 2416; x_wconf 84' lang='lat' dir='ltr'>tingitur</span> <span class='ocrx_word' id='word_1_110' title='bbox 684 2319 812 2390; x_wconf 81' lang='lat' dir='ltr'>colore</span> <span class='ocrx_word' id='word_1_111' title='bbox 842 2339 951 2384; x_wconf 86' lang='lat' dir='ltr'>roseo</span> <span class='ocrx_word' id='word_1_112' title='bbox 991 2325 1178 2406; x_wconf 87' lang='lat' dir='ltr'>respirate</span> <span class='ocrx_word' id='word_1_113' title='bbox 1209 2326 1311 2414; x_wconf 53' lang='lat' dir='ltr'>aire,</span> 
     </span>
    </p>

    <p class='ocr_par' dir='ltr' id='par_1_7' title="bbox 258 2423 1307 2714">
     <span class='ocr_line' id='line_1_19' title="bbox 258 2423 1307 2512; baseline 0.004 -20"><span class='ocrx_word' id='word_1_114' title='bbox 258 2425 460 2498; x_wconf 78' lang='lat' dir='ltr'>Permanet</span> <span class='ocrx_word' id='word_1_115' title='bbox 484 2423 583 2510; x_wconf 83' lang='lat' dir='ltr'>cutis</span> <span class='ocrx_word' id='word_1_116' title='bbox 609 2428 766 2490; x_wconf 85' lang='lat' dir='ltr'>textura</span> <span class='ocrx_word' id='word_1_117' title='bbox 786 2424 959 2508; x_wconf 75' lang='lat' dir='ltr'>longiore</span> <span class='ocrx_word' id='word_1_118' title='bbox 980 2433 1152 2512; x_wconf 85' lang='lat' dir='ltr'>ternpore</span> <span class='ocrx_word' id='word_1_119' title='bbox 1173 2429 1307 2496; x_wconf 85' lang='lat' dir='ltr'>mollis</span> 
     </span>
     <span class='ocr_line' id='line_1_20' title="bbox 259 2506 1307 2618; baseline 0.004 -25"><span class='ocrx_word' id='word_1_120' title='bbox 259 2534 298 2593; x_wconf 84' lang='lat' dir='ltr'>et</span> <span class='ocrx_word' id='word_1_121' title='bbox 314 2535 470 2602; x_wconf 87' lang='lat' dir='ltr'>tenera,</span> <span class='ocrx_word' id='word_1_122' title='bbox 491 2506 693 2608; x_wconf 78' lang='lat' dir='ltr'>praevalet</span> <span class='ocrx_word' id='word_1_123' title='bbox 714 2527 909 2611; x_wconf 79' lang='lat' dir='ltr'>galetius,</span> <span class='ocrx_word' id='word_1_124' title='bbox 928 2535 966 2594; x_wconf 89' lang='lat' dir='ltr'>et</span> <span class='ocrx_word' id='word_1_125' title='bbox 990 2531 1056 2596; x_wconf 87' lang='lat' dir='ltr'>vix</span> <span class='ocrx_word' id='word_1_126' title='bbox 1089 2532 1238 2618; x_wconf 86' lang='lat' dir='ltr'>aliquid</span> <span class='ocrx_word' id='word_1_127' title='bbox 1261 2532 1307 2598; x_wconf 90' lang='lat' dir='ltr'>de</span> 
     </span>
     <span class='ocr_line' id='line_1_21' title="bbox 260 2629 1307 2714; baseline 0.006 -20"><span class='ocrx_word' id='word_1_128' title='bbox 260 2629 406 2694; x_wconf 81' lang='lat' dir='ltr'>fibroso</span> <span class='ocrx_word' id='word_1_129' title='bbox 438 2629 615 2696; x_wconf 88' lang='lat' dir='ltr'>continet</span> <span class='ocrx_word' id='word_1_130' title='bbox 638 2629 854 2714; x_wconf 77' lang='lat' dir='ltr'>principi03</span> <span class='ocrx_word' id='word_1_131' title='bbox 878 2633 1053 2698; x_wconf 85' lang='lat' dir='ltr'>coctione</span> <span class='ocrx_word' id='word_1_132' title='bbox 1075 2635 1168 2703; x_wconf 87' lang='lat' dir='ltr'>hinc</span> <span class='ocrx_word' id='word_1_133' title='bbox 1188 2636 1307 2700; x_wconf 83' lang='lat' dir='ltr'>facile</span> 
     </span>
    </p>
   </div>
   <div class='ocr_carea' id='block_1_6' title="bbox 133 2731 1312 2820">
    <p class='ocr_par' dir='ltr' id='par_1_8' title="bbox 133 2731 1312 2820">
     <span class='ocr_line' id='line_1_22' title="bbox 133 2731 1312 2820; baseline 0.007 -24"><span class='ocrx_word' id='word_1_134' title='bbox 133 2795 137 2806; x_wconf 70' lang='grc'><strong>,</strong></span> <span class='ocrx_word' id='word_1_135' title='bbox 263 2733 565 2818; x_wconf 87' lang='lat' dir='ltr'>deliquescit,et</span> <span class='ocrx_word' id='word_1_136' title='bbox 587 2731 775 2818; x_wconf 79' lang='lat' dir='ltr'>digeritur</span> <span class='ocrx_word' id='word_1_137' title='bbox 806 2735 889 2817; x_wconf 87' lang='lat' dir='ltr'>sine</span> <span class='ocrx_word' id='word_1_138' title='bbox 913 2737 1071 2820; x_wconf 74' lang='lat' dir='ltr'>negotio</span> <span class='ocrx_word' id='word_1_139' title='bbox 1099 2738 1312 2804; x_wconf 88' lang='lat' dir='ltr'>ventriculi</span> 
     </span>
    </p>
   </div>
   <div class='ocr_carea' id='block_1_7' title="bbox 198 2835 1308 3032">
    <p class='ocr_par' dir='ltr' id='par_1_9' title="bbox 198 2835 1308 3032">
     <span class='ocr_line' id='line_1_23' title="bbox 259 2835 1308 2940; baseline 0.003 -37"><span class='ocrx_word' id='word_1_140' title='bbox 259 2838 409 2904; x_wconf 81' lang='lat' dir='ltr'>viribus</span> <span class='ocrx_word' id='word_1_141' title='bbox 432 2835 630 2919; x_wconf 77' lang='lat' dir='ltr'>juniorum</span> <span class='ocrx_word' id='word_1_142' title='bbox 666 2837 897 2902; x_wconf 84' lang='lat' dir='ltr'>animalium</span> <span class='ocrx_word' id='word_1_143' title='bbox 924 2838 1033 2903; x_wconf 82' lang='lat' dir='ltr'>cutis.</span> <span class='ocrx_word' id='word_1_144' title='bbox 1066 2841 1121 2905; x_wconf 91' lang='lat' dir='ltr'>Ob</span> <span class='ocrx_word' id='word_1_145' title='bbox 1145 2841 1308 2940; x_wconf 82' lang='lat' dir='ltr'>eandem</span> 
     </span>
     <span class='ocr_line' id='line_1_24' title="bbox 198 2940 1307 3032; baseline 0.006 -26"><span class='ocrx_word' id='word_1_146' title='bbox 198 2999 204 3006; x_wconf 94' lang='lat'>.</span> <span class='ocrx_word' id='word_1_147' title='bbox 260 2941 511 3007; x_wconf 82' lang='lat' dir='ltr'>teneritatem</span> <span class='ocrx_word' id='word_1_148' title='bbox 531 2940 715 3024; x_wconf 83' lang='lat' dir='ltr'>plurimis</span> <span class='ocrx_word' id='word_1_149' title='bbox 740 2943 951 3007; x_wconf 79' lang='lat' dir='ltr'>obnoxium</span> <span class='ocrx_word' id='word_1_150' title='bbox 972 2951 1028 3009; x_wconf 89' lang='lat' dir='ltr'>est</span> <span class='ocrx_word' id='word_1_151' title='bbox 1050 2949 1207 3012; x_wconf 83' lang='lat' dir='ltr'>aetate</span> <span class='ocrx_word' id='word_1_152' title='bbox 1199 2969 1307 3032; x_wconf 75' lang='lat' dir='ltr'>Juve-</span> 
     </span>
    </p>
   </div>
   <div class='ocr_carea' id='block_1_8' title="bbox 260 3043 1306 3252">
    <p class='ocr_par' dir='ltr' id='par_1_10' title="bbox 260 3043 1306 3214">
     <span class='ocr_line' id='line_1_25' title="bbox 260 3043 1306 3150; baseline 0.01 -42"><span class='ocrx_word' id='word_1_153' title='bbox 260 3043 334 3108; x_wconf 89' lang='lat' dir='ltr'>nili</span> <span class='ocrx_word' id='word_1_154' title='bbox 354 3049 557 3134; x_wconf 85' lang='lat' dir='ltr'>cutaneum</span> <span class='ocrx_word' id='word_1_155' title='bbox 578 3050 748 3146; x_wconf 81' lang='lat' dir='ltr'>systema</span> <span class='ocrx_word' id='word_1_156' title='bbox 779 3044 924 3124; x_wconf 83' lang='lat' dir='ltr'>morbis</span> <span class='ocrx_word' id='word_1_157' title='bbox 955 3052 994 3112; x_wconf 89' lang='lat' dir='ltr'>et</span> <span class='ocrx_word' id='word_1_158' title='bbox 1015 3051 1306 3150; x_wconf 78' lang='lat' dir='ltr'>metamorpho-</span> 
     </span>
     <span class='ocr_line' id='line_1_26' title="bbox 263 3145 657 3252; baseline -0.01 -38"><span class='ocrx_word' id='word_1_159' title='bbox 263 3147 368 3246; x_wconf 87' lang='lat' dir='ltr'>sibus</span> <span class='ocrx_word' id='word_1_160' title='bbox 389 3145 657 3252; x_wconf 82' lang='lat' dir='ltr'>abnormibus</span> 
     </span>
    </p>
   </div>
   <div class='ocr_carea' id='block_1_9' title="bbox 225 3307 1317 4216">
    <p class='ocr_par' dir='ltr' id='par_1_11' title="bbox 225 3307 1317 4216">
     <span class='ocr_line' id='line_1_27' title="bbox 345 3307 1306 3398; baseline 0 -24"><span class='ocrx_word' id='word_1_161' title='bbox 345 3307 600 3392; x_wconf 82' lang='lat' dir='ltr'>Consequitur</span> <span class='ocrx_word' id='word_1_162' title='bbox 620 3307 660 3372; x_wconf 90' lang='lat' dir='ltr'>id</span> <span class='ocrx_word' id='word_1_163' title='bbox 689 3311 860 3392; x_wconf 82' lang='lat' dir='ltr'>systema</span> <span class='ocrx_word' id='word_1_164' title='bbox 886 3309 989 3378; x_wconf 83' lang='lat' dir='ltr'>circa</span> <span class='ocrx_word' id='word_1_165' title='bbox 1016 3329 1160 3394; x_wconf 83' lang='lat' dir='ltr'>annum</span> <span class='ocrx_word' id='word_1_166' title='bbox 1182 3311 1306 3398; x_wconf 79' lang='lat' dir='ltr'>triga.</span> 
     </span>
     <span class='ocr_line' id='line_1_28' title="bbox 264 3401 1311 3496; baseline 0.006 -20"><span class='ocrx_word' id='word_1_167' title='bbox 264 3411 405 3476; x_wconf 86' lang='lat' dir='ltr'>simum</span> <span class='ocrx_word' id='word_1_168' title='bbox 454 3407 627 3474; x_wconf 81' lang='lat' dir='ltr'>debitam</span> <span class='ocrx_word' id='word_1_169' title='bbox 661 3409 955 3482; x_wconf 78' lang='lat' dir='ltr'>crassitudinem</span> <span class='ocrx_word' id='word_1_170' title='bbox 987 3401 1034 3477; x_wconf 70' lang='lat' dir='ltr'>et¹</span> <span class='ocrx_word' id='word_1_171' title='bbox 1054 3412 1311 3496; x_wconf 71' lang='lat' dir='ltr'>densitatem</span> 
     </span>
     <span class='ocr_line' id='line_1_29' title="bbox 262 3501 1311 3596; baseline 0.008 -19"><span class='ocrx_word' id='word_1_172' title='bbox 262 3501 448 3578; x_wconf 78' lang='lat' dir='ltr'>adhaeret</span> <span class='ocrx_word' id='word_1_173' title='bbox 479 3512 603 3596; x_wconf 77' lang='lat' dir='ltr'>magis</span> <span class='ocrx_word' id='word_1_174' title='bbox 631 3512 825 3582; x_wconf 83' lang='lat' dir='ltr'>substrato</span> <span class='ocrx_word' id='word_1_175' title='bbox 847 3513 1001 3593; x_wconf 86' lang='lat' dir='ltr'>textui,</span> <span class='ocrx_word' id='word_1_176' title='bbox 1025 3525 1062 3583; x_wconf 87' lang='lat' dir='ltr'>et</span> <span class='ocrx_word' id='word_1_177' title='bbox 1092 3517 1311 3592; x_wconf 81' lang='lat' dir='ltr'>formantur</span> 
     </span>
     <span class='ocr_line' id='line_1_30' title="bbox 262 3615 1307 3708; baseline 0.009 -29"><span class='ocrx_word' id='word_1_178' title='bbox 262 3615 391 3698; x_wconf 81' lang='lat' dir='ltr'>plicae</span> <span class='ocrx_word' id='word_1_179' title='bbox 415 3636 436 3678; x_wconf 86' lang='lat' dir='ltr'>a</span> <span class='ocrx_word' id='word_1_180' title='bbox 457 3615 624 3680; x_wconf 88' lang='lat' dir='ltr'>motibus</span> <span class='ocrx_word' id='word_1_181' title='bbox 647 3615 834 3700; x_wconf 87' lang='lat' dir='ltr'>repetitis.</span> <span class='ocrx_word' id='word_1_182' title='bbox 866 3617 1068 3708; x_wconf 72' lang='lat' dir='ltr'>Exaltatur</span> <span class='ocrx_word' id='word_1_183' title='bbox 1087 3639 1171 3684; x_wconf 90' lang='lat' dir='ltr'>cum</span> <span class='ocrx_word' id='word_1_184' title='bbox 1194 3623 1307 3690; x_wconf 89' lang='lat' dir='ltr'>virili</span> 
     </span>
     <span class='ocr_line' id='line_1_31' title="bbox 225 3717 1307 3810; baseline 0.012 -31"><span class='ocrx_word' id='word_1_185' title='bbox 225 3788 229 3798; x_wconf 28' lang='grc' dir='ltr'>Ι</span> <span class='ocrx_word' id='word_1_186' title='bbox 254 3723 389 3782; x_wconf 66' lang='lat' dir='ltr'>=aetate</span> <span class='ocrx_word' id='word_1_187' title='bbox 409 3717 540 3782; x_wconf 81' lang='lat' dir='ltr'>vitalis</span> <span class='ocrx_word' id='word_1_188' title='bbox 564 3720 700 3804; x_wconf 81' lang='lat' dir='ltr'>organi</span> <span class='ocrx_word' id='word_1_189' title='bbox 725 3721 879 3798; x_wconf 83' lang='lat' dir='ltr'>cutanei</span> <span class='ocrx_word' id='word_1_190' title='bbox 898 3722 1078 3806; x_wconf 73' lang='lat' dir='ltr'>energia,</span> <span class='ocrx_word' id='word_1_191' title='bbox 1098 3725 1198 3790; x_wconf 89' lang='lat' dir='ltr'>unde</span> <span class='ocrx_word' id='word_1_192' title='bbox 1219 3745 1307 3810; x_wconf 90' lang='lat' dir='ltr'>per·</span> 
     </span>
     <span class='ocr_line' id='line_1_32' title="bbox 263 3817 1317 3908; baseline 0.007 -24"><span class='ocrx_word' id='word_1_193' title='bbox 263 3817 426 3903; x_wconf 78' lang='lat' dir='ltr'>spiratio</span> <span class='ocrx_word' id='word_1_194' title='bbox 458 3818 647 3898; x_wconf 87' lang='lat' dir='ltr'>uberior,</span> <span class='ocrx_word' id='word_1_195' title='bbox 684 3821 809 3904; x_wconf 76' lang='lat' dir='ltr'>magis</span> <span class='ocrx_word' id='word_1_196' title='bbox 839 3821 955 3886; x_wconf 88' lang='lat' dir='ltr'>olida.</span> <span class='ocrx_word' id='word_1_197' title='bbox 988 3827 1123 3890; x_wconf 85' lang='lat' dir='ltr'>Aetate</span> <span class='ocrx_word' id='word_1_198' title='bbox 1155 3843 1317 3908; x_wconf 88' lang='lat' dir='ltr'>procre··</span> 
     </span>
     <span class='ocr_line' id='line_1_33' title="bbox 261 3921 1308 4012; baseline 0.009 -26"><span class='ocrx_word' id='word_1_199' title='bbox 261 3929 385 3987; x_wconf 77' lang='lat' dir='ltr'>scente</span> <span class='ocrx_word' id='word_1_200' title='bbox 406 3921 550 3987; x_wconf 81' lang='lat' dir='ltr'>fibrose</span> <span class='ocrx_word' id='word_1_201' title='bbox 569 3928 723 3988; x_wconf 80' lang='lat' dir='ltr'>textura</span> <span class='ocrx_word' id='word_1_202' title='bbox 741 3925 964 3992; x_wconf 88' lang='lat' dir='ltr'>cellulosam</span> <span class='ocrx_word' id='word_1_203' title='bbox 993 3930 1213 4011; x_wconf 83' lang='lat' dir='ltr'>praevalet,</span> <span class='ocrx_word' id='word_1_204' title='bbox 1236 3949 1308 4012; x_wconf 70' lang='lat' dir='ltr'>un7</span> 
     </span>
     <span class='ocr_line' id='line_1_34' title="bbox 264 4022 1305 4120; baseline 0.012 -35"><span class='ocrx_word' id='word_1_205' title='bbox 264 4022 309 4086; x_wconf 91' lang='lat' dir='ltr'>de</span> <span class='ocrx_word' id='word_1_206' title='bbox 331 4023 498 4108; x_wconf 84' lang='lat' dir='ltr'>corporis</span> <span class='ocrx_word' id='word_1_207' title='bbox 525 4025 561 4089; x_wconf 87' lang='lat' dir='ltr'>id</span> <span class='ocrx_word' id='word_1_208' title='bbox 582 4027 982 4110; x_wconf 68' lang='lat' dir='ltr'>tegmemobliteratis</span> <span class='ocrx_word' id='word_1_209' title='bbox 1003 4031 1121 4116; x_wconf 85' lang='lat' dir='ltr'>simul</span> <span class='ocrx_word' id='word_1_210' title='bbox 1139 4033 1305 4120; x_wconf 78' lang='lat' dir='ltr'>vasculis</span> 
     </span>
     <span class='ocr_line' id='line_1_35' title="bbox 263 4126 1308 4216; baseline 0.011 -26"><span class='ocrx_word' id='word_1_211' title='bbox 263 4126 498 4204; x_wconf 84' lang='lat' dir='ltr'>subtilibus,</span> <span class='ocrx_word' id='word_1_212' title='bbox 521 4135 633 4196; x_wconf 82' lang='lat' dir='ltr'>tenax</span> <span class='ocrx_word' id='word_1_213' title='bbox 647 4175 656 4206; x_wconf 98' lang='lat'>,</span> <span class='ocrx_word' id='word_1_214' title='bbox 681 4133 872 4216; x_wconf 83' lang='lat' dir='ltr'>rigidum,</span> <span class='ocrx_word' id='word_1_215' title='bbox 899 4152 1097 4198; x_wconf 86' lang='lat' dir='ltr'>exsuccum</span> <span class='ocrx_word' id='word_1_216' title='bbox 1133 4141 1170 4200; x_wconf 92' lang='lat' dir='ltr'>et</span> <span class='ocrx_word' id='word_1_217' title='bbox 1199 4157 1308 4201; x_wconf 89' lang='lat' dir='ltr'>exco-</span> 
     </span>
    </p>
   </div>
   <div class='ocr_carea' id='block_1_10' title="bbox 264 4225 1309 4342">
    <p class='ocr_par' dir='ltr' id='par_1_12' title="bbox 264 4225 1309 4342">
     <span class='ocr_line' id='line_1_36' title="bbox 264 4225 1309 4342; baseline 0.011 -47"><span class='ocrx_word' id='word_1_218' title='bbox 264 4231 323 4296; x_wconf 92' lang='lat' dir='ltr'>lor</span> <span class='ocrx_word' id='word_1_219' title='bbox 345 4231 530 4298; x_wconf 84' lang='lat' dir='ltr'>redditur·</span> <span class='ocrx_word' id='word_1_220' title='bbox 559 4233 752 4304; x_wconf 85' lang='lat' dir='ltr'>Minuitur</span> <span class='ocrx_word' id='word_1_221' title='bbox 771 4235 885 4304; x_wconf 83' lang='lat' dir='ltr'>modo</span> <span class='ocrx_word' id='word_1_222' title='bbox 917 4243 956 4304; x_wconf 85' lang='lat' dir='ltr'>et</span> <span class='ocrx_word' id='word_1_223' title='bbox 980 4239 1220 4336; x_wconf 75' lang='lat' dir='ltr'>sensibilitas</span> <span class='ocrx_word' id='word_1_224' title='bbox 1251 4225 1309 4342; x_wconf 56' lang='lat' dir='ltr'>at}</span> 
     </span>
    </p>
   </div>
   <div class='ocr_carea' id='block_1_11' title="bbox 0 0 1456 5004">
    <p class='ocr_par' dir='ltr' id='par_1_13' title="bbox 0 0 1456 5004">
     <span class='ocr_line' id='line_1_37' title="bbox 0 0 1456 5004; baseline 0 1"><span class='ocrx_word' id='word_1_225' title='bbox 0 0 1456 5004; x_wconf 95' lang='lat' dir='ltr'> </span> 
     </span>
    </p>
   </div>
  </div>
 </body>
</html>
