2902 4996
964 311 975 366 t

157 433 269 504 secr.
284 433 324 500 V.
336 435 394 500 Du
409 443 615 514 ncucrnrc.
630 443 678 496 rr
694 445 1074 522 csrvsurncrrorr.
1094 433 1159 523 3⁹1

116 589 161 648 ut
184 583 428 667 organismus
445 580 638 660 humanus
671 579 900 668 relationem
919 581 1063 648 habeat
1085 585 1161 649 ele·

75 672 80 682 ’
119 691 279 774 ctrioayn
313 703 401 768 erga
424 704 481 748 res
512 687 688 778 externas
720 680 779 762 (i.
802 701 875 765 ⁸229.
896 725 931 762 ,‚
962 691 999 749 et
1021 685 1160 752 Galva.

118 792 264 858 nismus
285 790 469 854 excitetur
496 788 564 850 sub
587 781 746 850 adsiduo
762 786 913 850 barum
937 809 1022 854 cum
1051 783 1162 877 orga-¹

119 895 222 961 niuis
241 893 462 978 corporibus
485 887 660 954 conflictu
670 907 682 967 3
694 887 861 954 convicti
881 889 999 955 etiam
1018 913 1160 974 sumus,

112 997 273 1062 eandem
285 994 534 1061 efficientiam
555 993 625 1056 sub
640 991 748 1055 omni
769 981 1052 1075 sotione'vitali'
1070 1009 1159 1064 susa

127 1101 243 1192 citari
272 1123 350 1168 non
380 1100 671 1178 modo,verum
704 1097 910 1174 excitatam
933 1103 1164 1169 atiammae
1230 1087 1235 1104 ’

123 1210 274 1275 nimum
291 1203 641 1282 habereinssuxum
662 1203 704 1267 in
727 1206 882 1288 quaevis
910 1202 1163 1274 efficiavita-
1215 1247 1219 1258 ι
1256 1251 1263 1278 ,

121 1311 206 1388 lia,
234 1321 347 1398 atque
367 1307 704 1382 instabilitatem,
728 1305 1025 1375 sensibilitatem
1046 1319 1083 1392 et
1105 1336 1164 1380 re·
1217 1359 1220 1366 -

102 1415 395 1502 ¹productivum
414 1412 496 1477 vim
513 1431 581 1494 per
599 1429 683 1473 eam
701 1391 912 1492 plurimum
934 1403 1165 1498 guberneris

126 1505 1163 1599 νοὼο-ε-ρατῐειηἱῃείςηεωρτοοοεειιενί
1241 1596 1243 1602 .

126 1617 1026 1700 talisGalvanicumprocessum111
1056 1625 1163 1689 uni
1208 1617 1212 1622 ’
1256 1647 1269 1700 J

126 1739 310 1801 vena,
345 1721 505 1808 inque
547 1721 845 1786 individue
875 1740 1163 1808 corporum

40 1908 43 1914 ,
130 1828 668 1912 phaeuerobiotorum
711 1835 899 1903 natura
931 1829 1164 1898 efficere.
1202 1831 1205 1838 ’

45 1985 48 1994 ,
126 1931 168 1997 Si
186 1931 289 1998 enim
319 1930 598 2011 consideremus
626 1936 801 1996 mutuam
829 1933 1001 2016 partium
1024 1915 1166 1999 fluida-

116 2030 211 2104 'rum
223 2043 261 2101 et
271 2037 502 2110 solidarum,
516 2042 657 2100 natura
669 2055 737 2098 sua
749 2034 1007 2102 differentium
1022 2041 1164 2112 ,actio·
1224 2079 1226 2086 s

84 2148 86 2154 ’
125 2159 215 2206 nem
228 2180 238 2217 ‚
251 2140 286 2204 si
307 2138 550 2204 advertamus
565 2139 612 2202 ad
633 2137 819 2203 materiae
837 2146 1061 2223 perpetuam
1081 2163 1166 2207 mu·

124 2248 350 2319 tationem,
380 2245 593 2306 formarum
625 2250 663 2306 et
694 2239 926 2327 qualitatum
956 2265 1166 2328 perennem

64 2401 70 2410 .
119 2347 355 2423 transitum,
379 2343 537 2430 ipsaque
557 2345 824 2428 phaenomena
846 2347 1048 2424 electrina,
1069 2341 1181 2434 quae'

107 2451 170 2531 ,in
202 2449 434 2532 organismis
461 2447 758 2531 perfectioribus
791 2449 989 2526 accidunt,
1020 2461 1166 2518 scrute·

122 2575 236 2632 mur,
262 2555 308 2618 de
338 2554 499 2642 perenni
521 2552 792 2630 Galvanismo‚
816 2554 883 2640 qui
912 2556 1075 2622 vitalem
1103 2576 1167 2622 co·
1279 2551 1283 2576 '

126 2661 293 2725 mitetur
312 2677 555 2743 processum,
579 2657 738 2721 omnino
758 2657 1036 2724 convincimur.

214 2821 377 2888 Minime
398 2827 530 2885 temen
556 2837 687 2883 eorum
708 2818 946 2887 adsentimur
966 2821 1167 2903 opinioni,

124 2925 192 3013 qui
218 2925 457 3011 organismos
479 2923 698 2992 individuos
720 2943 789 3006 pro
801 2923 945 2987 nativis
968 2925 1170 2990 declarant

57 3066 63 3086 ι
120 3027 448 3094 electromotoriis
489 3025 794 3107 apparatibus,‘
808 3026 876 3110 qui
908 3027 1014 3093 vitae
1047 3027 1167 3108 phas·
1231 3088 1233 3094 .

119 3149 290 3198 nomena
310 3149 329 3194 e
349 3128 439 3192 solis
464 3126 651 3191 duntaxat
672 3128 873 3190 columnae
898 3128 1083 3192 Voltanae
1111 3129 1166 3191 le·

60 3217 71 3228 ⁸
121 3231 234 3319 gibus
256 3229 478 3311 exponenda
507 3230 798 3303 contendunt,
787 3249 988 3312 ipsamque
1015 3232 1165 3315 energi-

122 3355 187 3406 am
207 3331 371 3398 vitalem
393 3350 463 3415 pro
493 3331 673 3396 electrica
707 3331 854 3407 habent
883 3314 1089 3398 efficientia
1107 3333 1165 3417 (5.

121 3439 212 3526 67.·)
245 3432 419 3501 iuvabit
438 3439 572 3500 nostra
599 3453 701 3498 nunc
741 3430 927 3508 adducere
965 3421 1168 3546 rationum

119 3545 347 3606 momentu·
1199 3537 1203 3546 ‘

204 3677 245 3762 1)
268 3676 329 3754 Id,
355 3671 453 3762 quod
478 3688 629 3738 causam
651 3649 853 3739 constituit
872 3696 989 3741 unam
1002 3719 1013 3753 ,
1035 3676 1084 3748 ad
1108 3681 1165 3748 ef·

113 3785 266 3877 'fectum
296 3779 457 3847 eundem
483 3777 781 3862 cumpluribus
814 3781 902 3845 aliis
938 3779 1165 3854 efficientiis

119 3893 408 3956 concurrentem
420 3883 689 3974 ‚utprimaris
711 3888 749 3949 et
771 3883 949 3959 absoluta
969 3907 1081 3953 causa
1100 3887 1165 3954 de.

102 3989 259 4057 clarari
278 4011 356 4055 non
378 3984 719 4079 potesb'Requirit
740 3991 867 4052 autom
891 3991 995 4056 vitae
1013 4013 1165 4078 procesq
1255 3991 1261 4002 '

115 4115 182 4160 sus
202 4073 352 4176 plures,
375 4099 413 4158 et
433 4077 590 4186 quidem
611 4089 786 4154 internas
816 4095 854 4154 et
878 4099 1054 4158 externas
1077 4115 1165 4182 con-

87 4225 89 4229 ·
119 4197 286 4264 ditiones
316 4196 367 4281 (ς.
384 4195 483 4282 52),
507 4213 599 4280 quas
628 4193 675 4257 ad
695 4195 855 4259 unicum
884 4201 1037 4264 tantum
1073 4202 1165 4268 Gal·

116 4301 340 4370 vanismum
367 4301 476 4375 nulia
505 4297 621 4384 plane
653 4296 817 4362 ratione·
844 4295 1031 4368 reducere
1058 4303 1164 4370 vals.
1227 4341 1232 4352 ,

74 4495 75 4500 ,
160 4418 385 4494 Lunuoss'liu
406 4423 576 4512 Physiol.
599 4422 700 4501 med,
717 4421 803 4489 Vol..
819 4421 866 4489 11.
965 4422 997 4490 X
