2904 5004
263 427 322 496 540
364 415 449 480 ιη.
465 409 510 479 ΙΙ.
523 414 611 478 cer.
624 410 669 477 11.
683 409 742 476 Dr
754 421 844 476 err.
857 423 956 476 auu.
971 422 1083 476 cons.
1095 423 1262 480 ereren.

368 560 401 638 a)
418 555 498 632 aug.
513 535 642 622 suaet.
658 569 685 619 α.
705 573 735 632 p.
756 554 821 614 ese.
838 573 884 631 ιφ

705 735 737 806 5
782 727 853 798 160.

260 1009 263 1014 Ι
306 913 659 1000 Proprietates
690 915 937 1004 physicae
962 917 1252 987 atvitales·'

341 1058 465 1124 Multo
492 1059 619 1124 minus
650 1057 833 1123 elasticae
849 1057 953 1124 'sunt
984 1081 1103 1132 venae
1128 1083 1171 1150 ac
1197 1069 1302 1129 arte-

258 1158 338 1240 riae
350 1203 362 1234 ,
385 1152 500 1238 adeo,
518 1168 567 1256 ¹ut
590 1162 723 1227 molles
748 1184 878 1228 aarum
907 1164 1084 1242 tunicas,
1107 1186 1191 1232 cum
1214 1187 1306 1232 sen-

254 1261 370 1360 guine
393 1271 627 1343 vacuantur,
648 1266 823 1350 protinus
846 1268 1100 1333 collabantur.
1133 1269 1305 1335 Ductili·

179 1423 183 1440 Q
255 1369 315 1428 tas
340 1388 526 1434 venarum
547 1371 740 1436 contraria
761 1370 938 1434 sehabet
961 1369 1112 1437 ratione
1135 1391 1220 1437 cum
1240 1393 1305 1438 ar·

256 1469 446 1544 teristrum
464 1474 783 1558 expansibilitate
801 1473 851 1557 (ς.
869 1473 984 1560 155.):
997 1473 1141 1539 etenim
1163 1473 1205 1538 in
1220 1474 1308 1540 lon-

257 1589 349 1656 gum
372 1577 537 1670 expandi
556 1599 693 1660 parum
716 1582 900 1662 possunt,
922 1596 1010 1642 cum
1038 1576 1080 1642 in
1106 1583 1306 1642 transver-

257 1698 342 1744 sum
364 1681 507 1772 centies
532 1684 652 1760 etiam
680 1683 903 1766 etamplius
926 1701 1041 1764 supra
1064 1680 1303 1746 diametrum

172 1835 175 1842 .
256 1787 551 1861 consuetem‚in
571 1788 661 1852 vivo
685 1788 839 1873 quidem
858 1784 1040 1863 homine,
1058 1784 1140 1848 sine
1160 1783 1307 1850 lacera-

253 1884 360 1950 tione
395 1891 551 1956 extendi
585 1892 736 1976 possint
767 1889 961 1977 *)..L.icet
991 1887 1113 1972 igitur
1140 1893 1304 1952 tenerae

250 1988 332 2068 sint
363 1996 402 2055 et
426 1994 562 2062 molles
590 1981 778 2060 venarum
809 1993 996 2065 tunicae,
1026 1992 1148 2054 multo
1178 1991 1304 2073 majo·

251 2111 335 2154 rem
358 2099 488 2160 tamen
511 2097 660 2180 habent
679 2096 933 2168 tenacitatem
956 2114 999 2158 ac
1020 2093 1166 2158 intima
1186 2100 1224 2158 et
1253 2093 1304 2160 fi-

251 2193 367 2260 brose
389 2199 621 2274 arteriarum
655 2193 886 2275 membrana
899 2190 965 2272 set
997 2196 1183 2280 comperit
1206 2197 1302 2262 olif-

252 2305 320 2365 ton
352 2307 669 2373 wmrsmcnsru
699 2323 886 2368 venerum
918 2305 1033 2380 robur
1066 2303 1114 2368 ad
1148 2301 1300 2370 sodales

187 2431 189 2436 ·
253 2406 417 2472 arteriae
439 2408 642 2472 rehabere
665 2412 709 2472 ut
731 2423 821 2472 1110.
839 2405 887 2469 ad
913 2425 1002 2480 1000.
1024 2406 1299 2492 *·);e1ihite-

254 2525 364 2584 men,
389 2513 432 2572 ut
454 2509 496 2574 in
527 2509 631 2589 vasis
652 2510 850 2588 renelibus
874 2515 911 2575 et
939 2509 1171 2588 lienelibue‚
1191 2514 1300 2574 erte·

249 2611 332 2686 riae
363 2613 577 2698 quadruplo
612 2617 843 2700 etamplius
870 2637 986 2688 venae
1017 2614 1153 2678 robore
1186 2634 1301 2700 sups-

252 2721 353 2778 rant.
377 2716 550 2802 Denique
577 2721 779 2797 Halleri
807 2719 979 2783 innotuit
997 2717 1300 2802 experimentis,
1319 2736 1323 2746 ·

223 2821 227 2830 '
251 2827 439 2888 renerum
460 2821 576 2892 robur
597 2847 664 2910 per
687 2832 856 2895 aetatem
870 2826 1084 2890 decrescere
1099 2819 1146 2890 ¹et
1168 2823 1300 2908 augeri

255 2924 485 2992 arteriarum
516 2927 749 2993 firmitatem
769 2930 827 3016 a).
861 2927 960 3010 Quia
980 2933 1108 2991 autem
1127 2948 1251 2991 venae
1277 2947 1301 2990 a

241 3026 372 3124 „causis
396 3030 802 3114 variis'eintumescunt
815 3074 825 3105 ,
849 3029 891 3098 in
913 3029 961 3094 iis
983 3027 1212 3112 cumprimis
1236 3027 1298 3093 in-

194 3133 198 3148 '
255 3125 449 3208 dividuis,
470 3132 538 3198 ubi
555 3132 730 3219 partium
753 3118 1079 3198 solido-mollium
1101 3133 1299 3198 relaxatur

251 3239 387 3312 tonus,
406 3236 648 3324 frequentius
670 3241 901 3320 rumpuntur
923 3255 965 3298 ec
987 3221 1171 3312 arteriae,
1194 3233 1297 3298 unde

247 3335 571 3424 haemorrhagiae
611 3345 790 3404 externae
832 3344 947 3426 etque
984 3340 1185 3417 internae,
1214 3357 1295 3404 non

250 3461 336 3510 raro
350 3441 545 3532 'lethalem
567 3441 799 3508 oboriuntur
818 3443 880 3530 b).
1113 3457 1124 3490 κ

333 3589 474 3670 Maiori
496 3589 680 3653 inlatum
703 3588 1151 3672 expansibilitatimaior
1174 3587 1295 3672 etiam
1332 3580 1336 3594 ⁴
1405 3667 1406 3678 ἵ

245 3691 453 3776 respondet
475 3691 781 3767 contrectilitas,
801 3711 875 3777 qua
896 3691 1053 3775 sanguis
1084 3709 1171 3756 cum
1204 3709 1296 3754 arcu
1405 3685 1406 3706 ¹

249 3818 270 3860 e
290 3781 495 3866 vulnerata
511 3796 673 3878 profluit
695 3815 818 3873 vena,
839 3797 1020 3880 ipsaeque
1040 3795 1153 3880 hujus
1173 3803 1294 3880 eyste-
1405 3807 1406 3856 ἑ

248 3902 365 3968 matis
394 3904 549 3969 tunicae
583 3901 797 3988 quantitati
832 3908 870 3966 et
893 3900 1085 3967 volumini
1119 3897 1293 3965 contenti
1405 3915 1406 3952 t

124 4077 128 4086 ,
247 4005 424 4072 humoris
445 4029 523 4076 sese
544 3997 842 4082 adcommodant
860 4002 1039 4088 (i·'1⁰5·)·
1061 4002 1313 4068 Maceretio-·
1405 4077 1406 4080 Ἴ

246 4106 289 4172 ni
311 4115 348 4174 et
360 4110 569 4228 putredini
602 4129 723 4174 venae
757 4108 886 4176 minus
914 4107 1103 4174 resistunt
1126 4123 1169 4170 ac
1190 4109 1292 4171 arte·
1405 4169 1406 4184 ¹

242 4217 352 4294 riser
374 4215 516 4282 sistunt
545 4221 673 4279 autem
709 4217 904 4295 protracta
934 4210 1194 4278 maceratione
1219 4207 1293 4272 cel·
1405 4211 1406 4258 ἲ

247 4320 412 4404 lutosam
432 4323 564 4388 telam·
587 4321 773 4385 Fervente
795 4335 893 4404 aqua
914 4322 951 4382 et
977 4316 1098 4384 acidis
1128 4331 1289 4381 concen-
1405 4371 1406 4386 ,
