2920 4998
284 415 346 510 252
368 417 509 491 trs-11.
521 419 612 485 car.
633 415 858 508 117Dssrs.
875 425 970 478 son.
988 425 1101 494 conr.
1114 429 1286 484 srsrsn.

282 566 453 652 papillas
480 561 584 628 nihil
617 543 748 636 aliud,
776 575 891 643 quam
932 557 1157 640 explicitum
1186 579 1328 642 paren·
1434 574 1438 643 ς

282 671 424 752 chyma
453 664 648 737 nutriens,
665 660 830 724 vasculis
861 659 1049 741 copiosis,
1071 659 1188 724 vitali
1219 683 1327 726 ener-

282 773 349 857 gia
365 770 487 836 auctis
499 808 510 845 ,
523 766 721 852 provisum
734 785 744 843 ;
756 764 924 849 gaudent
944 765 1035 829 hinc
1055 764 1224 847 papillas
1243 787 1330 830 eae·

282 875 370 939 dem
397 879 457 938 sat
486 890 625 956 magno
656 888 791 943 sensu,
813 871 851 931 et
872 868 1078 942 secernunt
1108 868 1330 966 uberiorem
1436 866 1440 925 ἶ

280 976 444 1065 glutinis
467 970 733 1040 etalbuminis
764 971 929 1054 copiam.
961 976 1084 1035 Aucta
1112 972 1328 1036 albuminis
1439 1029 1440 1038 ,

282 1081 502 1169 quantitate
531 1079 668 1144 alter
683 1097 707 1139 e
727 1075 848 1139 oritur
873 1073 1075 1170 periodus,
1098 1093 1173 1158 qua
1193 1079 1330 1142 tenera
1439 1160 1440 1166 ἵ

279 1184 448 1251 hucdum
473 1187 516 1275 ¹et
550 1183 717 1243 multum
748 1177 951 1241 vasculosa
983 1177 1202 1258 substantia
1231 1179 1328 1244 soli·
1439 1263 1440 1291 1

210 1375 211 1380 ¹
283 1286 431 1350 dionem
464 1283 605 1366 accipit
635 1280 953 1354 consistentiam,
975 1279 1166 1364 simulque
1191 1283 1327 1364 expal-

281 1388 417 1462 lescit,
440 1392 478 1449 et
499 1385 794 1468 cartilaginem
826 1381 958 1448 induit
984 1388 1177 1446 naturam.
1212 1385 1326 1448 Ter-2

281 1491 358 1554 tia
390 1486 543 1552 demum
581 1487 738 1570 periodo
774 1487 947 1552 calcanea
982 1486 1246 1568 phosphorica
1286 1487 1327 1550 in
1438 1516 1441 1556 r

280 1593 577 1677 cartilaginem
603 1593 807 1678 deponitur
835 1611 1021 1668 massam,
1049 1609 1122 1682 quo
1152 1592 1326 1659 ossifica⁴
1437 1638 1440 1647 ,

199 1731 209 1750 s
279 1695 336 1759 tio
356 1697 447 1762 calli
457 1699 659 1782 praedicto
683 1695 798 1762 modo
816 1694 1029 1777 perficitur.

361 1860 451 1923 Tali
474 1861 595 1944 igitur
614 1861 765 1926 ratione
795 1878 920 1922 massa
949 1858 1107 1924 novitus
1139 1851 1326 1942 generata
1437 1868 1441 1892 “

280 1937 519 2027 substantiae
541 1985 668 2029 osseae
690 1941 842 2048 penitus
861 1960 1003 2025 similis
1022 1943 1218 2036 redditur,
1243 1963 1329 2025 sola

170 2057 180 2074 ⁸
278 2067 435 2128 tantum
455 2067 584 2132 forma
604 2069 689 2151 plus
708 2068 836 2131 minus
858 2061 1061 2129 differente
1081 2063 1130 2152 i)
1143 2063 1320 2147 Ubipar

278 2167 379 2232 tium
397 2167 615 2235 vicinarum
638 2169 793 2257 adsedit
811 2168 1037 2256 suppuratio
1045 2208 1063 2260 ,⁸
1091 2167 1207 2234 utin
1241 2170 1324 2233 'sra-

253 2267 422 2343 ·*cturis‚
444 2291 529 2335 cum
557 2271 782 2336 vulneribus
815 2269 989 2353 partium
1019 2269 1199 2347 mollium
1233 2269 1333 2352 iun-⁴

280 2373 351 2434 ctis
365 2415 375 2445 ‚
391 2395 473 2475 esse
495 2377 614 2450 solet,
639 2374 810 2459 papillae
831 2372 925 2440 ossis
955 2372 1073 2435 simul
1104 2389 1318 2455 suppurare

151 2515 156 2518 -
278 2482 506 2551 sueverunt,
528 2498 601 2563 quo
623 2479 715 2541 calli
733 2477 919 2542 formatio
941 2476 1109 2540 multum
1139 2475 1315 2542 retarda-

279 2585 354 2643 tur.
372 2613 413 2630 -
431 2582 653 2647 Morbosum
674 2603 732 2660 os,
744 2583 999 2669 syphilitide,
1021 2581 1241 2651 rhachitide
1253 2587 1322 2649 aut

279 2683 461 2748 scorbuto
483 2684 699 2764 adfectum,
718 2687 781 2751 vel
800 2705 915 2752 cause
943 2686 1099 2752 interna
1125 2687 1321 2766 fractum,

278 2789 430 2852 annulo.
444 2793 506 2854 vel
529 2792 670 2858 cortice
692 2775 921 2879 spongioso,
943 2811 965 2854 a
981 2809 1075 2855 sana
1095 2799 1205 2873 parta
1221 2790 1321 2858 tacis

278 2891 314 2954 le
336 2900 568 2980 separabili,
591 2903 737 2966 conseri
756 2903 852 2966 solet
872 2903 933 2987 lc).
963 2901 1083 2966 Citius
1114 2920 1159 2964 ea
1188 2897 1318 2984 sequi·
1345 2923 1348 2930 ¹

277 2999 342 3059 tur
362 3003 617 3068 consolidatio
634 3005 681 3068 'in
703 2989 805 3071 sanis
829 3011 866 3068 et
886 3003 1110 3094 juvenibus,
1133 3021 1249 3086 quam
1270 2999 1313 3066 in

279 3104 446 3185 aegrotis
468 3107 679 3184 etsenibus
701 3104 1092 3200 nominibus,estque
1102 3103 1224 3168 multo
1235 3107 1316 3166 tar·

116 3267 119 3275 ,
223 3281 226 3288 Δ
279 3199 365 3282 dior
387 3205 530 3271 ossium
548 3209 794 3294 reproduotio
816 3208 856 3273 in
865 3209 1022 3272 feminis
1034 3206 1219 3293 gravidis.
1243 3207 1318 3272 Ges

191 3323 196 3334 “
278 3308 445 3372 neratim
479 3311 727 3392 observatur,
749 3330 834 3375 ossa
854 3311 1007 3376 minora
1023 3311 1161 3387 citius,
1182 3317 1218 3374 et
1232 3329 1316 3374 ma·

276 3403 359 3503 jora
379 3411 501 3475 serius
525 3415 821 3494 concallescere,
835 3413 951 3490 adeo,
963 3419 1007 3477 ut
1026 3433 1049 3477 a
1070 3429 1215 3493 co-aJo.
1232 3411 1314 3476 dies

276 3491 543 3595 requirantur,
564 3515 683 3581 donec
693 3535 777 3582 ossa
786 3517 918 3599 variae
931 3516 1210 3616 magnitudinis
1223 3534 1314 3586 cons

276 3613 467 3733 ferveant.

381 3781 414 3846 ὓ)
433 3779 527 3836 Elem.
519 3780 672 3875 .physiol,
685 3781 764 3837 vm.
780 3783 815 3858 Ρ.
835 3798 866 3842 10
877 3804 909 3862 p.
927 3787 992 3864 310,

381 3925 434 3992 Μ’)
454 3921 628 3982 mensus
651 3928 722 4004 alig.
740 3931 828 3992 Aust.
845 3931 883 3992 11.
900 3944 971 4008 ιι).
986 3934 1031 4010 53.

378 4069 407 4134 a)
426 4066 533 4126 Varias
549 4087 641 4148 super
670 4075 781 4132 ossium
817 4080 1008 4161 generatione
1035 4075 1215 4152 hypotheses
1243 4089 1314 4154 post

342 4155 523 4213 stultum
532 4161 655 4236 collegit
673 4165 737 4242 cel,
750 4147 1008 4230 SOMMERRlNG
1037 4169 1095 4238 (De
1114 4187 1202 4246 corp.
1228 4169 1307 4226 hun

346 4241 560 4339 fabrica,p1,'
575 4249 622 4314 ds.
640 4253 684 4324 a),
