2920 4998
932 121 935 138 ι
1013 101 1027 134 b
1126 139 1135 148 ‚

281 385 388 452 surr.
409 381 448 450 v.
473 383 531 450 Dr
553 395 789 450 sternuere
811 397 1009 452 nervoso.
1081 367 1083 374 ’
1117 390 1177 468 1⁸7

137 547 189 602 ,ra
208 534 247 594 et
269 526 444 606 minora,
465 527 614 592 rariore
633 535 672 593 et
700 528 901 608 densiora,
923 533 1105 596 contenta
1129 527 1190 594 di·

141 639 291 696 ctorum
314 649 493 696 cavarum
522 631 776 710 ambeuntia3
790 633 934 698 abeunt
951 633 1083 716 plexus
1105 651 1188 698 ma·
1291 653 1293 660 ·

140 735 242 832 iores
273 736 313 800 in
340 735 542 814 minores,
574 740 612 798 et
641 735 750 800 him
778 736 1034 808 subtilissima
1064 735 1187 802 disce·

141 823 242 904 dunt
272 839 454 914 reticula,
487 856 668 904 vasorum
704 829 868 903 s'urculis
902 840 1107 924 implicata
1136 838 1188 924 (ς.

141 949 249 1026 154).
273 943 377 1006 Licet
402 943 617 1006 inconstans
641 941 694 1006 sit
722 949 761 1006 et
783 943 892 1009 varia
921 943 963 1008 in
984 943 1105 1011 variis
1126 944 1186 1026 in·

142 1043 311 1110 dividuis
350 1046 573 1129 systematis
606 1043 718 1108 istius
733 1123 736 1132 Ι
749 1043 953 1130 dispositio
976 1040 997 1127 (
1008 1049 1036 1124 ς.
1061 1041 1188 1132 179.),

144 1145 274 1228 plures
297 1149 426 1208 tamen
447 1146 700 1210 observantur
726 1146 880 1227 plexus,
905 1144 971 1232 qui
1002 1147 1182 1229 partibus

142 1250 356 1334 alligantur
377 1249 490 1314 certis
504 1293 513 1324 ‚
526 1267 657 1312 sarum
678 1255 815 1334 regunt
833 1249 1071 1325 functiones,
1084 1269 1182 1336 aquo
1281 1315 1284 1324 ,
1389 1273 1390 1281 “

138 1350 221 1414 illis
242 1349 596 1416 denominationem
618 1357 857 1434 acceperunt.
880 1353 1024 1418 Horum
1050 1357 1182 1418 autern

29 1495 35 1512 ,
116 1499 119 1504 .
137 1451 337 1536 praecipui
357 1459 555 1540 sequentes
576 1459 687 1517 sonte

224 1619 256 1702 1)
278 1617 478 1682 Praevelet
502 1617 543 1680 in
573 1617 821 1702 gengliorum
843 1625 1052 1704 systemate
1082 1621 1186 1707 phy-

140 1722 223 1788 sica
253 1741 330 1786 non
359 1720 472 1786 modo
504 1719 749 1796 extensione,
776 1741 907 1786 verum
936 1727 973 1789 et
1002 1725 1184 1804 potentia

139 1822 348 1910 dynamica
377 1823 553 1906 plexus
576 1825 857 1896 coeliacus,
887 1824 953 1910 qul
972 1845 1058 1892 cum
1087 1827 1181 1892 reli-

139 1925 225 2012 quis
257 1923 430 2008 jungitur
459 1925 647 2010 plexibus.
673 1916 856 1990 'situatur
877 1931 968 1993 unte
998 1929 1184 2015 diaphra-

139 2027 284 2114 gmetis
326 2046 467 2103 crura,
499 2033 629 2092 aortae
670 2028 909 2110 abdominali
943 2036 980 2094 et
1014 2035 1182 2099 arterias

135 2129 327 2224 coelincae
359 2122 603 2206 incumbens,
629 2135 667 2194 et
695 2131 813 2195 refert
836 2137 916 2198 rete
947 2133 1183 2224 irregulare,
1265 2183 1271 2198 .

137 2249 344 2298 nervorum
366 2237 403 2296 et
424 2232 670 2316 gangliorum
695 2237 894 2330 complenu
915 2229 1178 2320 efformatum

137 2333 344 2440 Superiora
363 2352 492 2398 versus
507 2354 592 2398 cum
613 2321 950 2420 diaphragmatico
971 2336 1109 2420 plexu
1100 2359 1184 2422 Jun-

137 2419 265 2520 gitur,
285 2419 453 2499 involvit
476 2456 560 2500 cum
581 2457 698 2505 nervo
719 2436 903 2522 phrenico
936 2439 1098 2506 arterias
1121 2441 1181 2506 di·
1208 2431 1213 2440 ’

137 2537 429 2624 aphragmatis‚
461 2541 501 2625 et
535 2539 701 2624 largitur
729 2543 882 2615 sortes,
913 2539 1066 2632 renibus
1098 2561 1183 2636 suc·

137 2639 387 2716 centuriatis,
410 2645 524 2726 atque
545 2641 744 2726 pencreati
765 2661 905 2713 ramos.
924 2605 1074 2734 ¹Dextra
1095 2664 1188 2708 ver·-

137 2759 200 2832 sus
222 2725 262 2806 in
283 2743 438 2827 plexum
469 2729 692 2828 impetitum
722 2745 971 2831 producitur,
992 2745 1059 2834 qui
1093 2765 1179 2813 cum

136 2843 257 2908 ramis
285 2844 336 2936 pl.
357 2846 515 2930 gastrici
548 2847 719 2930 junctus,
741 2847 926 2914 arteriam
955 2845 1178 2930 hepaticam

136 2959 176 3018 et
195 2973 334 3020 venam
354 2961 555 3038 portarum
579 2955 720 3040 cingit,
744 2976 903 3042 cumque
923 2957 985 3019 his
1014 2955 1115 3020 vasis
1138 2955 1181 3018 in

132 3042 287 3140 hepatis
319 3058 578 3124 substantiam
611 3062 649 3122 et
676 3057 758 3124 vias
788 3057 967 3122 biliarias
999 3057 1179 3141 produci·

137 3165 225 3238 tur,
247 3159 287 3224 in
320 3159 558 3236 duodenum,
590 3180 753 3244 parvum
782 3158 1008 3238 ventriculi
1023 3178 1180 3233 arcum,

135 3263 178 3330 in
199 3281 395 3346 pancreas,
405 3270 442 3328 et
459 3263 623 3330 arteriae
643 3267 792 3350 gastro·
796 3266 1009 3366 epiploicae
1026 3263 1183 3328 dextras

136 3385 262 3432 ramos
282 3365 399 3430 etiam
420 3367 589 3432 mittens.
613 3367 655 3440 In
677 3366 831 3470 plcxum
852 3353 1078 3474 gariricum
1089 3385 1179 3450 pro·

139 3471 300 3550 ductus,
329 3471 514 3536 arteriam
544 3471 787 3536 coronariam
816 3491 998 3556 magnam
1029 3445 1177 3535 ventr'i·

136 3575 224 3638 culi
235 3573 472 3638 reticulatum
503 3573 645 3658 cingit,
670 3595 830 3660 cumque
856 3573 967 3642 ista
956 3593 997 3638 ιιι
1018 3572 1180 3657 parieti·

133 3675 206 3740 bus
226 3675 434 3741 ventriculi
465 3667 722 3756 diffunditur3
724 3678 903 3762 suscipit
936 3676 983 3740 ad
1004 3675 1176 3742 cerdiam

133 3781 244 3844 nervi
266 3781 355 3866 vagi
374 3799 523 3855 ramos,
544 3787 582 3846 et
613 3781 776 3846 confluit
803 3781 961 3850 tandem
985 3799 1069 3846 cum
1093 3801 1180 3845 ner·

135 3885 194 3948 vis
226 3861 371 3970 pyiori
404 3884 568 3950 Sinistra
597 3904 726 3953 versus
759 3889 802 3948 ut
828 3886 962 3968 plexus
985 3884 1178 3968 splenicus
1273 3921 1276 3928 ·

136 3987 400 4068 expanditur,
432 3989 499 4073 qui
536 3989 697 4056 arterias
741 3989 908 4054 lienales
946 3987 1185 4066 involvens,

121 4090 214 4180 ,ejus
235 4093 393 4162 visceris
423 4093 528 4158 subit
556 4091 843 4180 perenchyma3
863 4090 1056 4158 concurrit
1085 4090 1177 4155 dein

135 4215 222 4262 cum
242 4199 360 4264 ramis
384 4200 515 4282 plexus
545 4196 717 4282 hepatici
738 4203 777 4275 et
803 4195 976 4284 gastrici,
991 4203 1030 4264 et
1051 4193 1181 4264 mittit
