2920 4998
272 439 380 502 secr.
401 433 494 504 vm.
513 433 573 499 Dr
595 433 828 500 srsrsusrr
849 443 1012 504 ossrum.
1078 443 1083 450 '
1116 454 1176 523 251

128 580 358 644 articularis
381 549 696 655 cavitesjinorhi
721 577 848 658 varii,
871 587 908 643 et
934 579 1176 665 repraductie

128 683 282 746 ossium
311 677 528 746 ostendunt.
556 681 655 743 ¹(tum
677 686 814 744 aetate
837 683 952 746 senili
983 705 1076 748 vasa
1107 705 1179 748 nu·

129 783 302 848 trientia
322 777 767 865 plurima'obliterantur
778 827 790 859 ,
812 801 884 867 quo
908 785 1124 868 galatinesa
1143 789 1182 848 et

131 884 386 950 albuminosa
407 877 587 948 materies
608 881 765 957 deficit,
785 881 886 948 unde
914 905 1001 948 ossa
1023 890 1180 948 extenu-

111 997 281 1064 antur,
301 987 499 1052 volumine
527 986 757 1049 minuuntur
790 1004 833 1048 ac
861 986 1029 1070 pondere
1050 986 1181 1052 defici·

130 1099 235 1172 unt,
256 1091 369 1165 adeo,
390 1095 433 1154 ut
450 1087 617 1170 volupes
637 1085 832 1162 calvaria,
845 1088 946 1174 quod
965 1091 1105 1156 Turtou
1124 1095 1201 1152 te·-

134 1191 295 1269 etat‘ur‚
317 1215 346 1256 a·
361 1191 414 1260 so‘.
434 1191 481 1256 sd
503 1209 552 1258 12·
572 1188 775 1268 reducatur
796 1194 929 1256 uncias
949 1195 1002 1278 f).
1025 1195 1181 1259 Confer-
1243 1228 1245 1242 ·

131 1302 235 1360 vent
271 1297 469 1360 foramina
498 1291 745 1370 nutrientia,
777 1295 996 1360 coalescunt
1026 1303 1182 1360 suturae

134 1399 355 1482 plurimae,
375 1404 413 1464 et
436 1396 629 1462 evanescit
649 1393 778 1477 diploe‘
808 1395 850 1458 in
871 1397 1019 1461 ossibus
1051 1397 1183 1488 cranii.

132 1497 389 1566 Praevalente
411 1503 583 1566 calearea
611 1500 891 1582 phosphorice,
913 1521 1000 1566 ossa
1019 1503 1183 1568 reddun-

132 1612 207 1670 tur
230 1605 391 1690 ‘fragilia
421 1610 460 1668 et
489 1601 667 1666 friabilia
679 1645 689 1678 ,
709 1601 900 1688 simulque
929 1605 995 1679 fit,
1015 1613 1059 1670 ut
1080 1611 1183 1670 arte·

132 1709 223 1771 riae
242 1713 279 1770 et
299 1712 475 1769 texturae
502 1703 668 1770 fibrosae
692 1701 826 1768 eodem
848 1703 1084 1776 inundentur
1103 1707 1184 1774 sale
1300 1693 1302 1700 ’

135 1806 337 1888 terrestri,
357 1807 611 1873 ossifrcentur.
739 1891 743 1934 ἱ

215 1950 392 2036 :Insignis
415 1955 473 2024 ast
492 1953 744 2036 reproduc
758 1953 873 2046 tiva
902 1954 945 2019 in
974 1957 1184 2041 systemate
1305 2009 1307 2019 ,

137 2077 253 2122 osseo
286 2058 365 2134 vis,
391 2058 493 2143 quod
524 2059 750 2132 innumerae
782 2061 921 2130 docent
950 2060 1186 2129 ohservatio-

137 2179 223 2230 nes.
253 2159 406 2232 Etenim
434 2158 613 2232 deficiens
631 2163 673 2227 in
704 2183 829 2229 recens
859 2173 951 2232 nato
975 2165 1124 2238 infante
1147 2179 1188 2224 os

140 2269 273 2330 aetate
305 2257 558 2349 subsequente
588 2287 667 2331 non
698 2287 899 2352 nunquam
925 2267 1190 2342 subnascitur;

139 2366 325 2450 leguntur
359 2386 486 2448 casus,
519 2368 586 2432 ubi
613 2389 697 2434 ossa
726 2369 989 2454 integra,per
1015 2369 1096 2435 vim
1126 2389 1188 2432 ex«
1281 2375 1311 2404 '³

137 2475 295 2534 ternam
325 2469 482 2548 ablata,
504 2475 575 2535 aut.
601 2489 668 2554 per
682 2531 685 2536 .
701 2471 842 2538 cariem
852 2519 864 2553 ,
882 2473 1050 2542 aliumve
1081 2491 1185 2536 mor-

142 2570 254 2640 bum,
272 2568 486 2650 destructa,
516 2572 636 2637 etiam
653 2574 898 2660 ¹cylindrica,
919 2575 1099 2640 restituta
1126 2576 1188 2638 fu·

85 2727 92 2752 ,
145 2677 260 2736 erunt
288 2671 341 2758 g),
371 2673 663 2757 Experimenta,
694 2697 717 2738 a
737 2673 829 2743 cell.
859 2681 1007 2750 Tuom,
1033 2678 1201 2749 titiana„

141 2777 304 2864 Tluptt,
328 2780 555 2850 Autumnus
575 2785 646 2843 etc.
666 2779 852 2852 instituta
861 2780 1058 2860 ,eandem
1083 2797 1190 2842 come·

140 2879 311 2964 probant
338 2879 649 2966 reproductivam
669 2881 712 2946 in
732 2883 882 2948 ossibus
907 2882 1102 2966 energiam
1121 2881 1186 2966 h).

130 2987 294 3054 ¹Accidit
326 2987 456 3054 autem
496 2988 640 3054 ossium
671 2989 804 3058 reunio
838 2993 876 3052 et
906 2988 1187 3072 redintegratio

141 3114 212 3180 per
246 3093 488 3180 substantiae
524 3110 667 3170 novae,
695 3111 792 3176 quae
821 3091 992 3154 callus
1021 3089 1185 3164 dicitur,

142 3201 432 3274 formationem.
453 3200 677 3282 Absolvitur
697 3199 788 3265 calli
804 3197 993 3278 ,sarmatia
1011 3198 1186 3283 periodis

144 3305 295 3378 tribus:
317 3304 481 3387 primo
510 3295 748 3386 explicantur
774 3323 868 3381 uasa
896 3302 1117 3386 sanguifera
1145 3303 1188 3370 in

141 3407 385 3492 periosteaet
402 3406 505 3473 laesa
523 3405 615 3470 ossis
629 3413 737 3491 parte
750 3451 760 3485 ,
772 3403 873 3470 unde
893 3423 1084 3487 processus
1105 3425 1186 3472 sus·

146 3515 288 3586 citatur
319 3495 629 3594 reprodustivus,
650 3511 712 3576 illi
732 3508 892 3594 similis,
917 3527 1029 3598 quem
1048 3493 1089 3574 in
1111 3511 1186 3574 cei-

146 3617 269 3680 luloso
296 3612 530 3679 advertimus
552 3619 660 3678 text‘u
692 3610 713 3698 (
723 3619 756 3690 §.·
784 3628 854 3692 117.
868 3611 911 3697 );
932 3613 1187 3686 emolliuntur

142 3717 261 3798 ¹modo
297 3735 365 3798 per
403 3716 579 3781 advectos
616 3717 822 3804 humores,
852 3711 994 3798 perque
1033 3720 1188 3778 auctam

143 3842 291 3886 massae
313 3841 441 3888 osseae
458 3815 759 3904 insorptionem‚
778 3817 971 3902 margines
994 3817 1087 3882 ossis
1109 3818 1190 3880 lae-

146 3925 201 4000 si,
215 3931 253 3988 et
274 3925 470 4008 disparent
488 3923 856 4009 penitussagmenta
877 3925 1003 4007 acuta.
1025 3920 1186 4005 Proper:-

147 4027 273 4090 lulant
296 4026 464 4113 undique
483 4049 503 4090 e
525 4026 713 4111 periosteo
724 4070 737 4105 ,
759 4019 978 4114 eque'textu
1006 4024 1187 4093 celluloso
1233 4029 1235 4034 '
1332 4077 1334 4084 .

146 4131 240 4194 laesi
261 4131 354 4200 ossis
371 4131 601 4216 papillae
624 4125 1078 4214 ca'rneae‚quaelento
1100 4143 1182 4190 mo-

149 4229 196 4295 de
218 4231 271 4296 sic
299 4229 536 4310 increscunt,
554 4240 598 4296 ut
627 4238 745 4298 semet
771 4239 905 4318 mutuo
937 4228 1185 4314 contingant,
1283 4221 1286 4226 ’

147 4355 341 4438 unumque
362 4339 590 4412 continuum
618 4333 812 4440 afficiant„
837 4337 932 4408 Sunt
953 4338 1083 4443 autem
1110 4331 1185 4404 hae
