2904 5004
244 465 247 472 ,
272 406 332 455 ror
354 387 439 460 Lrs.
453 390 498 456 11.
511 393 600 457 car.
620 393 664 457 11.
683 351 843 458 beorn.
866 407 963 458 aon.
979 409 1087 460 coar.
1101 409 1270 462 srsrrru.

269 550 419 616 ganan,
442 540 481 598 et
510 537 696 624 tribuunt
718 537 798 601 cuti
833 537 1034 602 universae
1070 540 1312 604 sensibilita-

112 645 114 654 ’
174 683 200 728 ¹.
269 637 512 712 tem‚adeo‚
537 643 581 701 ut
609 659 674 701 eae
705 633 857 720 partesj
885 644 1133 724 quasplures
1163 642 1313 708 habent

269 743 309 810 et
341 739 614 808 eminentiores
644 736 837 822 papillas,
859 740 1036 823 plurimis
1071 744 1192 806 etiam
1222 763 1313 825 pro-

267 840 475 912 videantur
510 842 667 920 nervis,
686 861 875 925 sensuque
907 843 1101 928 gaudeant
1126 848 1311 912 acutiore.

137 929 142 944 ’
263 947 339 1017 Ubi
363 947 460 1010 cutis
483 945 893 1038 maceratur-‚papillae
916 947 1014 1014 istae
1035 949 1311 1027 intumescunt,

266 1055 305 1112 et
333 1051 518 1114 exhibent
538 1047 655 1112 simul
684 1050 874 1120 fabricam
910 1051 1114 1118 floccosam
1140 1074 1182 1117 ac
1202 1055 1311 1144 peni·

266 1152 452 1216 cillatam.
1114 1179 1116 1184 '

346 1299 476 1364 Simili
503 1299 616 1364 modo
637 1319 675 1361 se
696 1297 844 1364 habent
867 1285 1045 1384 papillae
1061 1309 1245 1374 cutaneae
1259 1305 1309 1370 in
1340 1319 1344 1326 “

264 1402 560 1481 mammalihus3
581 1402 631 1486 iis
661 1406 792 1474 tamen
822 1403 863 1466 in
894 1405 1095 1486 partibus,
1122 1425 1218 1491 quae
1250 1412 1309 1470 ta-

265 1507 345 1570 ctui
367 1505 605 1580 inserviunt,
618 1505 741 1590 magis
762 1508 940 1581 evolutae
962 1517 1181 1575 cernuntur.
1200 1511 1309 1595 Apud

264 1627 353 1672 aves
378 1615 415 1690 et
435 1609 594 1692 reptilia
614 1599 815 1690 invplanta
846 1610 987 1693 pedum
1022 1619 1059 1676 et
1092 1614 1223 1698 digitis
1250 1615 1309 1678 di-

263 1711 411 1796 stingui
433 1711 558 1784 solum
578 1717 761 1796 possunt3
785 1711 826 1776 in
849 1712 976 1779 minus
1007 1701 1190 1798 p'erleotir
1213 1719 1309 1784 class

183 1833 185 1838 ’
265 1815 371 1883 sibus
391 1814 457 1880 vix
480 1815 647 1898 amplius
668 1815 927 1897 reperiuntur.
1029 1886 1051 1911 ,Ι

333 2031 598 2219 elimam&
612 2053 651 2119 11,
668 2070 696 2112 2.
718 2071 751 2138 p.
776 2055 834 2126 uss,
851 2071 896 2138 sq„
910 2081 945 2100 -
967 2042 1110 2118 ctvrna
1126 2057 1149 2116 1.
1164 2075 1191 2122 ο.
1211 2059 1250 2130 ιι,
1273 2078 1306 2140 p.

379 2179 396 2208 ..

711 2321 742 2398 5·
789 2331 859 2398 144·

484 2500 782 2568 ¹Glandulaa
814 2503 1071 2596 sebeceae.

345 2645 561 2718 secernitur
583 2647 625 2710 in
648 2647 746 2724 cutis
778 2647 980 2732 superficie
1000 2650 1153 2731 praeter
1184 2649 1307 2709 mate·

260 2745 362 2839 riam
381 2747 704 2831 perspirationis,
730 2767 845 2832 quam
863 2748 961 2813 alibi
990 2748 1144 2812 uberius
1167 2767 1331 2830 arpenax

261 2850 415 2924 demus,
439 2853 659 2934 unguinosa
678 2855 883 2928 materies,
905 2853 1038 2918 variae
1071 2855 1113 2917 in
1144 2849 1306 2924 diversis
1342 2895 1367 2911 ..

261 2944 499 3029 animalibus
531 2957 687 3032 indolis.
721 2957 831 3050 Apud
861 2957 1062 3030 hominem
1084 2963 1123 3030 et
1151 2960 1306 3043 reliqua

202 3077 204 3084 ·
261 3055 382 3121 calidi
398 3057 598 3140 sanguinis
618 3057 1001 3130 animaliasebum
1025 3061 1305 3121 cutenoum

261 3161 432 3224 oleosam
453 3160 572 3232 habet
594 3166 799 3250 naturam,
822 3167 866 3224 ut
885 3161 929 3231 in
949 3157 1104 3252 capillis
1126 3164 1164 3224 ct
1185 3158 1308 3222 vesti·

260 3263 416 3336 mentis,
427 3261 706 3346 nudocorpore
726 3263 855 3348 gestis,
865 3259 995 3327 videre
1017 3267 1084 3331 ast.
1108 3264 1201 3325 Cum
1220 3264 1309 3354 tota
1354 3343 1356 3346 Ι

158 3409 162 3418 .
259 3365 358 3428 cutis
379 3366 509 3460 oleoso
527 3364 601 3429 hoc
623 3351 849 3432 emolliatur
867 3365 1057 3452 unguine,
1082 3371 1120 3430 et
1139 3363 1304 3450 glandu-

259 3468 321 3536 lae
346 3468 533 3540 'sebaceae
567 3464 672 3532 haud
705 3471 874 3555 ubique,
906 3470 954 3533 ob
992 3469 1159 3534 nimiam
1188 3467 1308 3532 facile

244 3569 520 3650 'eubtilitatem
532 3609 543 3644 ‚
557 3569 727 3642 inveniri
747 3571 918 3654 possint,
930 3568 1054 3655 aliqui
1074 3569 1307 3644 intulerunt,

261 3677 466 3736 cutaneum
488 3671 641 3754 adipem
665 3693 692 3735 e
705 3673 784 3736 tela
804 3671 962 3762 adiposa
983 3691 1050 3755 per
1063 3669 1161 3733 cutis
1179 3673 1307 3734 trana-

260 3773 398 3838 sudare
416 3793 551 3855 poros,
575 3793 670 3857 quae
694 3773 850 3860 quidem
874 3771 1007 3858 opinio
1036 3775 1100 3838 vel
1128 3768 1190 3836 illi
1214 3755 1304 3839 con·

259 3876 385 3942 traria
415 3882 472 3940 est
501 3876 790 3955 observationi,
814 3876 915 3964 quod
946 3876 1132 3959 capillata
1165 3875 1307 3960 capitis

261 3968 376 4066 pars,
399 3977 466 4044 ubi
501 3979 640 4063 exigua
674 3979 869 4063 reperitur
894 3971 1109 4062 pinguedo,
1133 3982 1171 4041 et
1199 3994 1304 4042 soro-¹

259 4087 369 4158 tum,
395 4081 495 4168 quod
516 4083 668 4148 nullum
688 4081 804 4165 plane
826 4080 1001 4144 continet
1023 4077 1179 4164 adipem
1191 4079 1306 4164 ,pin-

259 4183 413 4270 gulculo
444 4205 487 4250 eo
518 4186 718 4250 abundent
748 4184 937 4270 unguine;
962 4187 1097 4246 contra
1117 4204 1208 4248 vero
1238 4199 1304 4267 ge·

260 4307 333 4354 nae
356 4293 394 4352 et
415 4289 517 4400 aliae
545 4293 697 4375 partes,
722 4287 860 4374 quibus
885 4285 1061 4370 copiosus
1091 4281 1329 4352 substernis
