<?xml version="1.0" encoding="UTF-8"?>
<!DOCTYPE html PUBLIC "-//W3C//DTD XHTML 1.0 Transitional//EN"
    "http://www.w3.org/TR/xhtml1/DTD/xhtml1-transitional.dtd">
<html xmlns="http://www.w3.org/1999/xhtml" xml:lang="en" lang="en">
 <head>
  <title>
</title>
<meta http-equiv="Content-Type" content="text/html;charset=utf-8" />
  <meta name='ocr-system' content='tesseract 3.04.00' />
  <meta name='ocr-capabilities' content='ocr_page ocr_carea ocr_par ocr_line ocrx_word'/>
</head>
<body>
  <div class='ocr_page' id='page_1' title='image "./physiologiamedi02lenhgoog_0189.png"; bbox 0 0 2920 4998; ppageno 0'>
   <div class='ocr_carea' id='block_1_1' title="bbox 138 379 1287 478">
    <p class='ocr_par' dir='ltr' id='par_1_1' title="bbox 138 379 1287 486">
     <span class='ocr_line' id='line_1_1' title="bbox 138 379 1287 478; baseline 0.003 -24"><span class='ocrx_word' id='word_1_1' title='bbox 138 391 165 424; x_wconf 86' lang='lat'><strong>&#39;·</strong></span> <span class='ocrx_word' id='word_1_2' title='bbox 275 387 350 478; x_wconf 39' lang='lat'><strong>*178</strong></span> <span class='ocrx_word' id='word_1_3' title='bbox 372 392 457 460; x_wconf 74' lang='lat' dir='ltr'><strong>Lm·</strong></span> <span class='ocrx_word' id='word_1_4' title='bbox 469 386 515 456; x_wconf 57' lang='lat' dir='ltr'><strong>iis</strong></span> <span class='ocrx_word' id='word_1_5' title='bbox 528 386 619 455; x_wconf 75' lang='lat' dir='ltr'><strong>car.</strong></span> <span class='ocrx_word' id='word_1_6' title='bbox 631 385 677 456; x_wconf 85' lang='lat'><strong>11.</strong></span> <span class='ocrx_word' id='word_1_7' title='bbox 696 379 756 452; x_wconf 80' lang='lat' dir='ltr'><strong>ns</strong></span> <span class='ocrx_word' id='word_1_8' title='bbox 771 379 860 466; x_wconf 69' lang='lat' dir='ltr'><strong>esu·</strong></span> <span class='ocrx_word' id='word_1_9' title='bbox 872 403 974 472; x_wconf 72' lang='lat' dir='ltr'><strong>nnn.</strong></span> <span class='ocrx_word' id='word_1_10' title='bbox 992 403 1100 454; x_wconf 81' lang='lat' dir='ltr'><strong>coar.</strong></span> <span class='ocrx_word' id='word_1_11' title='bbox 1114 403 1287 458; x_wconf 68' lang='lat' dir='ltr'><strong>sussum.</strong></span> 
     </span>
    </p>
   </div>
   <div class='ocr_carea' id='block_1_2' title="bbox 210 534 1345 1242">
    <p class='ocr_par' dir='ltr' id='par_1_2' title="bbox 210 534 1345 1242">
     <span class='ocr_line' id='line_1_2' title="bbox 277 534 1343 620; baseline 0.004 -22"><span class='ocrx_word' id='word_1_12' title='bbox 277 549 379 604; x_wconf 67' lang='lat' dir='ltr'><strong>num</strong></span> <span class='ocrx_word' id='word_1_13' title='bbox 408 535 651 620; x_wconf 72' lang='lat' dir='ltr'><strong>principium·</strong></span> <span class='ocrx_word' id='word_1_14' title='bbox 664 536 767 620; x_wconf 79' lang='lat' dir='ltr'><strong>nigri</strong></span> <span class='ocrx_word' id='word_1_15' title='bbox 789 534 841 600; x_wconf 89' lang='lat' dir='ltr'><strong>sit</strong></span> <span class='ocrx_word' id='word_1_16' title='bbox 864 535 1002 604; x_wconf 86' lang='lat' dir='ltr'><strong>coloris</strong></span> <span class='ocrx_word' id='word_1_17' title='bbox 1015 576 1026 611; x_wconf 89' lang='lat'>‚</span> <span class='ocrx_word' id='word_1_18' title='bbox 1039 553 1168 600; x_wconf 87' lang='lat' dir='ltr'><strong>massa</strong></span> <span class='ocrx_word' id='word_1_19' title='bbox 1188 535 1343 602; x_wconf 47' lang='lat' dir='ltr'><strong>medula</strong></span> 
     </span>
     <span class='ocr_line' id='line_1_3' title="bbox 295 638 1336 722; baseline -0.004 -16"><span class='ocrx_word' id='word_1_20' title='bbox 295 641 388 706; x_wconf 88' lang='lat' dir='ltr'><strong>laris</strong></span> <span class='ocrx_word' id='word_1_21' title='bbox 410 639 667 705; x_wconf 79' lang='lat' dir='ltr'><strong>caerulescens</strong></span> <span class='ocrx_word' id='word_1_22' title='bbox 684 643 870 720; x_wconf 81' lang='lat' dir='ltr'><strong>apparet,</strong></span> <span class='ocrx_word' id='word_1_23' title='bbox 892 643 930 700; x_wconf 86' lang='lat' dir='ltr'><strong>st</strong></span> <span class='ocrx_word' id='word_1_24' title='bbox 950 638 1196 722; x_wconf 78' lang='lat' dir='ltr'><strong>consequitur</strong></span> <span class='ocrx_word' id='word_1_25' title='bbox 1221 658 1244 700; x_wconf 89' lang='lat' dir='ltr'><strong>a</strong></span> <span class='ocrx_word' id='word_1_26' title='bbox 1277 659 1336 702; x_wconf 89' lang='lat' dir='ltr'><strong>re·</strong></span> 
     </span>
     <span class='ocr_line' id='line_1_4' title="bbox 280 729 1345 828; baseline -0.002 -16"><span class='ocrx_word' id='word_1_27' title='bbox 280 745 506 828; x_wconf 72' lang='lat' dir='ltr'><strong>-spiratione</strong></span> <span class='ocrx_word' id='word_1_28' title='bbox 525 745 716 811; x_wconf 81' lang='lat' dir='ltr'><strong>rubellum</strong></span> <span class='ocrx_word' id='word_1_29' title='bbox 739 745 914 808; x_wconf 80' lang='lat' dir='ltr'><strong>colorerm</strong></span> <span class='ocrx_word' id='word_1_30' title='bbox 937 729 1089 818; x_wconf 79' lang='lat' dir='ltr'><strong>Habent</strong></span> <span class='ocrx_word' id='word_1_31' title='bbox 1109 742 1239 808; x_wconf 80' lang='lat' dir='ltr'><strong>&#39;autem</strong></span> <span class='ocrx_word' id='word_1_32' title='bbox 1253 743 1345 810; x_wconf 48' lang='lat' dir='ltr'><strong>ner-⁴</strong></span> 
     </span>
     <span class='ocr_line' id='line_1_5' title="bbox 210 845 1336 934; baseline -0.004 -18"><span class='ocrx_word' id='word_1_33' title='bbox 210 915 215 924; x_wconf 84' lang='grc'>,</span> <span class='ocrx_word' id='word_1_34' title='bbox 251 875 254 882; x_wconf 79' lang='grc'><strong>’</strong></span> <span class='ocrx_word' id='word_1_35' title='bbox 288 851 336 916; x_wconf 64' lang='lat' dir='ltr'><strong>aci</strong></span> <span class='ocrx_word' id='word_1_36' title='bbox 359 849 583 934; x_wconf 83' lang='lat' dir='ltr'><strong>systematis</strong></span> <span class='ocrx_word' id='word_1_37' title='bbox 612 846 816 910; x_wconf 86' lang='lat' dir='ltr'><strong>cerebralis</strong></span> <span class='ocrx_word' id='word_1_38' title='bbox 845 845 886 908; x_wconf 89' lang='lat' dir='ltr'><strong>id</strong></span> <span class='ocrx_word' id='word_1_39' title='bbox 916 845 996 909; x_wconf 88' lang='lat' dir='ltr'><strong>sibi</strong></span> <span class='ocrx_word' id='word_1_40' title='bbox 1021 849 1178 930; x_wconf 85' lang='lat' dir='ltr'><strong>privum</strong></span> <span class='ocrx_word' id='word_1_41' title='bbox 1201 889 1210 922; x_wconf 92' lang='lat'>‚</span> <span class='ocrx_word' id='word_1_42' title='bbox 1232 847 1336 932; x_wconf 86' lang='lat' dir='ltr'><strong>quod</strong></span> 
     </span>
     <span class='ocr_line' id='line_1_6' title="bbox 293 937 1339 1036; baseline 0 -20"><span class='ocrx_word' id='word_1_43' title='bbox 293 953 418 1016; x_wconf 87' lang='lat' dir='ltr'><strong>multo</strong></span> <span class='ocrx_word' id='word_1_44' title='bbox 435 952 619 1017; x_wconf 76' lang='lat' dir='ltr'><strong>eitiusae</strong></span> <span class='ocrx_word' id='word_1_45' title='bbox 629 951 721 1032; x_wconf 81' lang='lat' dir='ltr'><strong>ipsa</strong></span> <span class='ocrx_word' id='word_1_46' title='bbox 741 969 906 1034; x_wconf 85' lang='lat' dir='ltr'><strong>organa,</strong></span> <span class='ocrx_word' id='word_1_47' title='bbox 927 949 1064 1033; x_wconf 87' lang='lat' dir='ltr'><strong>quibus</strong></span> <span class='ocrx_word' id='word_1_48' title='bbox 1078 937 1339 1036; x_wconf 68' lang='lat' dir='ltr'><strong>adpertinent,</strong></span> 
     </span>
     <span class='ocr_line' id='line_1_7' title="bbox 215 1033 1339 1134; baseline 0 -15"><span class='ocrx_word' id='word_1_49' title='bbox 215 1053 220 1064; x_wconf 91' lang='lat'>&#39;</span> <span class='ocrx_word' id='word_1_50' title='bbox 278 1056 549 1134; x_wconf 76' lang='lat' dir='ltr'><strong>evolvantur:</strong></span> <span class='ocrx_word' id='word_1_51' title='bbox 568 1053 624 1115; x_wconf 87' lang='lat' dir='ltr'><strong>sie</strong></span> <span class='ocrx_word' id='word_1_52' title='bbox 641 1074 782 1116; x_wconf 86' lang='lat' dir='ltr'><strong>nervus</strong></span> <span class='ocrx_word' id='word_1_53' title='bbox 809 1039 1036 1118; x_wconf 81' lang='lat' dir='ltr'><strong>olfactorius¹</strong></span> <span class='ocrx_word' id='word_1_54' title='bbox 1059 1060 1096 1118; x_wconf 91' lang='lat' dir='ltr'><strong>et</strong></span> <span class='ocrx_word' id='word_1_55' title='bbox 1125 1033 1236 1121; x_wconf 76' lang='lat' dir='ltr'><strong>rami·</strong></span> <span class='ocrx_word' id='word_1_56' title='bbox 1254 1076 1339 1120; x_wconf 89' lang='lat' dir='ltr'><strong>mu·</strong></span> 
     </span>
     <span class='ocr_line' id='line_1_8' title="bbox 297 1156 1342 1242; baseline 0.003 -23"><span class='ocrx_word' id='word_1_57' title='bbox 297 1160 466 1235; x_wconf 76' lang='lat' dir='ltr'><strong>scalares</strong></span> <span class='ocrx_word' id='word_1_58' title='bbox 490 1157 657 1235; x_wconf 84' lang='lat' dir='ltr'><strong>multum</strong></span> <span class='ocrx_word' id='word_1_59' title='bbox 675 1156 836 1238; x_wconf 78' lang='lat' dir='ltr'><strong>perfecti</strong></span> <span class='ocrx_word' id='word_1_60' title='bbox 858 1156 935 1238; x_wconf 77' lang='lat' dir='ltr'><strong>jam</strong></span> <span class='ocrx_word' id='word_1_61' title='bbox 970 1157 1200 1234; x_wconf 81' lang='lat' dir='ltr'><strong>cernuntur,</strong></span> <span class='ocrx_word' id='word_1_62' title='bbox 1231 1177 1342 1242; x_wconf 86' lang='lat' dir='ltr'><strong>orge-</strong></span> 
     </span>
    </p>
   </div>
   <div class='ocr_carea' id='block_1_3' title="bbox 292 1259 1454 1348">
    <p class='ocr_par' dir='ltr' id='par_1_3' title="bbox 292 1259 1454 1348">
     <span class='ocr_line' id='line_1_9' title="bbox 292 1259 1454 1348; baseline -0.003 -23"><span class='ocrx_word' id='word_1_63' title='bbox 292 1279 345 1326; x_wconf 84' lang='lat' dir='ltr'><strong>no</strong></span> <span class='ocrx_word' id='word_1_64' title='bbox 370 1263 533 1330; x_wconf 86' lang='lat' dir='ltr'><strong>olfactus</strong></span> <span class='ocrx_word' id='word_1_65' title='bbox 555 1267 591 1323; x_wconf 85' lang='lat' dir='ltr'><strong>et</strong></span> <span class='ocrx_word' id='word_1_66' title='bbox 613 1260 798 1322; x_wconf 87' lang='lat' dir='ltr'><strong>musculis</strong></span> <span class='ocrx_word' id='word_1_67' title='bbox 828 1260 893 1324; x_wconf 85' lang='lat' dir='ltr'><strong>vix</strong></span> <span class='ocrx_word' id='word_1_68' title='bbox 923 1259 1046 1325; x_wconf 87' lang='lat' dir='ltr'><strong>adhuc</strong></span> <span class='ocrx_word' id='word_1_69' title='bbox 1081 1260 1247 1324; x_wconf 88' lang='lat' dir='ltr'><strong>evolutis</strong></span> <span class='ocrx_word' id='word_1_70' title='bbox 1278 1263 1336 1348; x_wconf 69' lang='lat'><strong>⁴⁸).</strong></span> <span class='ocrx_word' id='word_1_71' title='bbox 1453 1319 1454 1332; x_wconf 67' lang='grc'>,</span> 
     </span>
    </p>
   </div>
   <div class='ocr_carea' id='block_1_4' title="bbox 295 1365 1350 1758">
    <p class='ocr_par' dir='ltr' id='par_1_4' title="bbox 295 1365 1350 1758">
     <span class='ocr_line' id='line_1_10' title="bbox 295 1365 1340 1449; baseline 0.001 -21"><span class='ocrx_word' id='word_1_72' title='bbox 295 1367 521 1431; x_wconf 78' lang='lat' dir='ltr'><strong>Generatim</strong></span> <span class='ocrx_word' id='word_1_73' title='bbox 542 1365 718 1430; x_wconf 81' lang='lat' dir='ltr'><strong>videmus</strong></span> <span class='ocrx_word' id='word_1_74' title='bbox 738 1375 940 1429; x_wconf 81' lang='lat' dir='ltr'><strong>nervosum</strong></span> <span class='ocrx_word' id='word_1_75' title='bbox 963 1371 1133 1449; x_wconf 85' lang='lat' dir='ltr'><strong>systema</strong></span> <span class='ocrx_word' id='word_1_76' title='bbox 1152 1369 1190 1434; x_wconf 86' lang='lat' dir='ltr'><strong>et</strong></span> <span class='ocrx_word' id='word_1_77' title='bbox 1222 1367 1340 1429; x_wconf 86' lang='lat' dir='ltr'><strong>sensi·</strong></span> 
     </span>
     <span class='ocr_line' id='line_1_11' title="bbox 296 1451 1341 1558; baseline 0 -26"><span class='ocrx_word' id='word_1_78' title='bbox 296 1451 390 1532; x_wconf 84' lang='lat' dir='ltr'><strong>hiiit</strong></span> <span class='ocrx_word' id='word_1_79' title='bbox 377 1475 497 1531; x_wconf 89' lang='lat' dir='ltr'><strong>tatem</strong></span> <span class='ocrx_word' id='word_1_80' title='bbox 518 1474 643 1549; x_wconf 85' lang='lat' dir='ltr'><strong>aetate</strong></span> <span class='ocrx_word' id='word_1_81' title='bbox 671 1473 804 1548; x_wconf 86' lang='lat' dir='ltr'><strong>tenera</strong></span> <span class='ocrx_word' id='word_1_82' title='bbox 821 1471 1072 1558; x_wconf 82' lang='lat' dir='ltr'><strong>praevalere,</strong></span> <span class='ocrx_word' id='word_1_83' title='bbox 1079 1467 1224 1531; x_wconf 82' lang='lat' dir='ltr'><strong>undeet</strong></span> <span class='ocrx_word' id='word_1_84' title='bbox 1210 1473 1341 1532; x_wconf 85' lang='lat' dir='ltr'><strong>tmor·</strong></span> 
     </span>
     <span class='ocr_line' id='line_1_12' title="bbox 296 1570 1350 1676; baseline 0 -44"><span class='ocrx_word' id='word_1_85' title='bbox 296 1570 373 1658; x_wconf 83' lang='lat' dir='ltr'><strong>bi</strong></span> <span class='ocrx_word' id='word_1_86' title='bbox 363 1571 571 1676; x_wconf 71' lang='lat' dir='ltr'><strong>infantiles</strong></span> <span class='ocrx_word' id='word_1_87' title='bbox 579 1572 761 1674; x_wconf 81' lang='lat' dir='ltr'><strong>nervosis</strong></span> <span class='ocrx_word' id='word_1_88' title='bbox 784 1570 997 1674; x_wconf 88' lang='lat' dir='ltr'><strong>plurimum</strong></span> <span class='ocrx_word' id='word_1_89' title='bbox 1021 1571 1215 1652; x_wconf 77' lang='lat' dir='ltr'><strong>stipantur</strong></span> <span class='ocrx_word' id='word_1_90' title='bbox 1233 1590 1341 1654; x_wconf 86' lang='lat' dir='ltr'><strong>sym·</strong></span> <span class='ocrx_word' id='word_1_91' title='bbox 1346 1599 1350 1607; x_wconf 89' lang='lat'>·</span> 
     </span>
     <span class='ocr_line' id='line_1_13' title="bbox 295 1647 1341 1758; baseline 0.001 -24"><span class='ocrx_word' id='word_1_92' title='bbox 295 1647 547 1758; x_wconf 73' lang='lat' dir='ltr'><strong>ptomatibus.</strong></span> <span class='ocrx_word' id='word_1_93' title='bbox 569 1647 687 1757; x_wconf 82' lang='lat' dir='ltr'><strong>Quod</strong></span> <span class='ocrx_word' id='word_1_94' title='bbox 710 1679 839 1736; x_wconf 87' lang='lat' dir='ltr'><strong>autem</strong></span> <span class='ocrx_word' id='word_1_95' title='bbox 870 1677 979 1738; x_wconf 88' lang='lat' dir='ltr'><strong>nervi</strong></span> <span class='ocrx_word' id='word_1_96' title='bbox 1001 1694 1024 1736; x_wconf 87' lang='lat' dir='ltr'><strong>a</strong></span> <span class='ocrx_word' id='word_1_97' title='bbox 1046 1667 1196 1735; x_wconf 78' lang='lat' dir='ltr'><strong>cerebro</strong></span> <span class='ocrx_word' id='word_1_98' title='bbox 1229 1691 1341 1736; x_wconf 88' lang='lat' dir='ltr'><strong>suam</strong></span> 
     </span>
    </p>
   </div>
   <div class='ocr_carea' id='block_1_5' title="bbox 216 1775 1454 1970">
    <p class='ocr_par' dir='ltr' id='par_1_5' title="bbox 216 1775 1454 1968">
     <span class='ocr_line' id='line_1_14' title="bbox 216 1775 1454 1868; baseline -0.001 -28"><span class='ocrx_word' id='word_1_99' title='bbox 216 1835 218 1839; x_wconf 90' lang='lat'>.</span> <span class='ocrx_word' id='word_1_100' title='bbox 296 1775 401 1840; x_wconf 86' lang='lat' dir='ltr'><strong>haud</strong></span> <span class='ocrx_word' id='word_1_101' title='bbox 422 1775 615 1858; x_wconf 85' lang='lat' dir='ltr'><strong>accipiant</strong></span> <span class='ocrx_word' id='word_1_102' title='bbox 635 1795 994 1868; x_wconf 78' lang='lat' dir='ltr'><strong>originem‚verum</strong></span> <span class='ocrx_word' id='word_1_103' title='bbox 1018 1777 1155 1862; x_wconf 89' lang='lat' dir='ltr'><strong>pot1us</strong></span> <span class='ocrx_word' id='word_1_104' title='bbox 1169 1777 1210 1838; x_wconf 81' lang='lat' dir='ltr'><strong>m</strong></span> <span class='ocrx_word' id='word_1_105' title='bbox 1232 1793 1341 1839; x_wconf 84' lang='lat' dir='ltr'><strong>emm</strong></span> <span class='ocrx_word' id='word_1_106' title='bbox 1453 1805 1454 1814; x_wconf 47' lang='lat'>³</span> 
     </span>
     <span class='ocr_line' id='line_1_15' title="bbox 278 1879 1454 1970; baseline -0.001 -28"><span class='ocrx_word' id='word_1_107' title='bbox 278 1879 495 1963; x_wconf 78' lang='lat' dir='ltr'><strong>&#39;&#39;corporis</strong></span> <span class='ocrx_word' id='word_1_108' title='bbox 507 1887 617 1968; x_wconf 85' lang='lat' dir='ltr'><strong>parte</strong></span> <span class='ocrx_word' id='word_1_109' title='bbox 646 1923 656 1957; x_wconf 92' lang='lat'>‚</span> <span class='ocrx_word' id='word_1_110' title='bbox 686 1879 768 1946; x_wconf 89' lang='lat' dir='ltr'><strong>sine</strong></span> <span class='ocrx_word' id='word_1_111' title='bbox 800 1880 907 1942; x_wconf 78' lang='lat' dir='ltr'><strong>omni</strong></span> <span class='ocrx_word' id='word_1_112' title='bbox 943 1879 1143 1970; x_wconf 81' lang='lat' dir='ltr'><strong>encephali</strong></span> <span class='ocrx_word' id='word_1_113' title='bbox 1185 1880 1337 1944; x_wconf 85' lang='lat' dir='ltr'><strong>influxu</strong></span> <span class='ocrx_word' id='word_1_114' title='bbox 1453 1899 1454 1962; x_wconf 74' lang='lat' dir='ltr'><strong>j</strong></span> 
     </span>
    </p>
   </div>
   <div class='ocr_carea' id='block_1_6' title="bbox 295 1981 1338 2290">
    <p class='ocr_par' dir='ltr' id='par_1_6' title="bbox 295 1981 1338 2274">
     <span class='ocr_line' id='line_1_16' title="bbox 295 1981 1338 2072; baseline -0.004 -24"><span class='ocrx_word' id='word_1_115' title='bbox 295 1983 534 2058; x_wconf 68' lang='lat' dir='ltr'><strong>formentur,</strong></span> <span class='ocrx_word' id='word_1_116' title='bbox 556 1983 681 2047; x_wconf 80' lang='lat' dir='ltr'><strong>foetus</strong></span> <span class='ocrx_word' id='word_1_117' title='bbox 702 1983 847 2045; x_wconf 81' lang='lat' dir='ltr'><strong>‘&#39;‹loeent</strong></span> <span class='ocrx_word' id='word_1_118' title='bbox 874 1981 1074 2063; x_wconf 80' lang='lat' dir='ltr'><strong>acephali,</strong></span> <span class='ocrx_word' id='word_1_119' title='bbox 1104 1983 1256 2072; x_wconf 86' lang='lat' dir='ltr'><strong>absque</strong></span> <span class='ocrx_word' id='word_1_120' title='bbox 1278 2003 1338 2044; x_wconf 88' lang='lat' dir='ltr'><strong>ce-</strong></span> 
     </span>
     <span class='ocr_line' id='line_1_17' title="bbox 295 2085 1336 2170; baseline 0.001 -19"><span class='ocrx_word' id='word_1_121' title='bbox 295 2088 401 2152; x_wconf 77' lang='lat' dir='ltr'><strong>rebri</strong></span> <span class='ocrx_word' id='word_1_122' title='bbox 432 2092 471 2149; x_wconf 91' lang='lat' dir='ltr'><strong>et</strong></span> <span class='ocrx_word' id='word_1_123' title='bbox 501 2087 692 2150; x_wconf 79' lang='lat' dir='ltr'><strong>medullae</strong></span> <span class='ocrx_word' id='word_1_124' title='bbox 722 2086 886 2170; x_wconf 88' lang='lat' dir='ltr'><strong>spinalis</strong></span> <span class='ocrx_word' id='word_1_125' title='bbox 908 2085 1080 2170; x_wconf 76' lang='lat' dir='ltr'><strong>vestigio</strong></span> <span class='ocrx_word' id='word_1_126' title='bbox 1112 2087 1219 2168; x_wconf 85' lang='lat' dir='ltr'><strong>nati,</strong></span> <span class='ocrx_word' id='word_1_127' title='bbox 1249 2107 1336 2152; x_wconf 85' lang='lat' dir='ltr'><strong>ner-</strong></span> 
     </span>
     <span class='ocr_line' id='line_1_18' title="bbox 298 2186 783 2290; baseline -0.017 -32"><span class='ocrx_word' id='word_1_128' title='bbox 298 2190 359 2258; x_wconf 83' lang='lat' dir='ltr'><strong>vis</strong></span> <span class='ocrx_word' id='word_1_129' title='bbox 384 2194 517 2290; x_wconf 81' lang='lat' dir='ltr'><strong>tamen</strong></span> <span class='ocrx_word' id='word_1_130' title='bbox 538 2186 689 2277; x_wconf 81' lang='lat' dir='ltr'><strong>provisi</strong></span> <span class='ocrx_word' id='word_1_131' title='bbox 708 2189 783 2282; x_wconf 49' lang='lat' dir='ltr'><strong>aa),</strong></span> 
     </span>
    </p>
   </div>
   <div class='ocr_carea' id='block_1_7' title="bbox 292 2319 1342 2438">
    <p class='ocr_par' dir='ltr' id='par_1_7' title="bbox 292 2319 1342 2438">
     <span class='ocr_line' id='line_1_19' title="bbox 292 2319 1342 2438; baseline 0 -22"><span class='ocrx_word' id='word_1_132' title='bbox 292 2319 294 2328; x_wconf 58' lang='lat'><em>,</em></span> <span class='ocrx_word' id='word_1_133' title='bbox 367 2355 418 2422; x_wconf 98' lang='lat' dir='ltr'>A</span> <span class='ocrx_word' id='word_1_134' title='bbox 436 2354 549 2434; x_wconf 80' lang='lat' dir='ltr'><strong>partu</strong></span> <span class='ocrx_word' id='word_1_135' title='bbox 570 2346 793 2433; x_wconf 76' lang='lat' dir='ltr'><strong>systematis</strong></span> <span class='ocrx_word' id='word_1_136' title='bbox 814 2341 1023 2414; x_wconf 75' lang='lat' dir='ltr'><strong>cerebraiis</strong></span> <span class='ocrx_word' id='word_1_137' title='bbox 1044 2349 1220 2434; x_wconf 75' lang='lat' dir='ltr'><strong>energia,</strong></span> <span class='ocrx_word' id='word_1_138' title='bbox 1242 2370 1342 2438; x_wconf 85' lang='lat' dir='ltr'><strong>quae</strong></span> 
     </span>
    </p>
   </div>
   <div class='ocr_carea' id='block_1_8' title="bbox 198 2448 1342 2534">
    <p class='ocr_par' dir='ltr' id='par_1_8' title="bbox 198 2448 1342 2534">
     <span class='ocr_line' id='line_1_20' title="bbox 198 2448 1342 2534; baseline 0 -16"><span class='ocrx_word' id='word_1_139' title='bbox 198 2449 203 2456; x_wconf 80' lang='grc'><strong>’</strong></span> <span class='ocrx_word' id='word_1_140' title='bbox 303 2459 419 2518; x_wconf 84' lang='lat' dir='ltr'><strong>antea</strong></span> <span class='ocrx_word' id='word_1_141' title='bbox 438 2452 609 2524; x_wconf 86' lang='lat' dir='ltr'><strong>latebat,</strong></span> <span class='ocrx_word' id='word_1_142' title='bbox 632 2451 776 2532; x_wconf 85' lang='lat' dir='ltr'><strong>partim</strong></span> <span class='ocrx_word' id='word_1_143' title='bbox 797 2471 864 2533; x_wconf 86' lang='lat' dir='ltr'><strong>per</strong></span> <span class='ocrx_word' id='word_1_144' title='bbox 885 2449 1119 2534; x_wconf 84' lang='lat' dir='ltr'><strong>oxydantsm</strong></span> <span class='ocrx_word' id='word_1_145' title='bbox 1152 2448 1251 2516; x_wconf 67' lang='lat' dir='ltr'><strong>airis</strong></span> <span class='ocrx_word' id='word_1_146' title='bbox 1281 2476 1342 2518; x_wconf 87' lang='lat' dir='ltr'><strong>re·</strong></span> 
     </span>
    </p>
   </div>
   <div class='ocr_carea' id='block_1_9' title="bbox 197 2550 1344 3565">
    <p class='ocr_par' dir='ltr' id='par_1_9' title="bbox 197 2550 1344 3565">
     <span class='ocr_line' id='line_1_21' title="bbox 299 2550 1341 2638; baseline 0.002 -20.043"><span class='ocrx_word' id='word_1_147' title='bbox 299 2554 440 2638; x_wconf 74' lang='lat' dir='ltr'><strong>spirali</strong></span> <span class='ocrx_word' id='word_1_148' title='bbox 460 2554 669 2631; x_wconf 88' lang='lat' dir='ltr'><strong>virtutem,</strong></span> <span class='ocrx_word' id='word_1_149' title='bbox 691 2551 836 2634; x_wconf 84' lang='lat' dir='ltr'><strong>partim</strong></span> <span class='ocrx_word' id='word_1_150' title='bbox 865 2571 956 2618; x_wconf 85' lang='lat' dir='ltr'><strong>vero</strong></span> <span class='ocrx_word' id='word_1_151' title='bbox 988 2572 1054 2634; x_wconf 87' lang='lat' dir='ltr'><strong>per</strong></span> <span class='ocrx_word' id='word_1_152' title='bbox 1083 2550 1341 2620; x_wconf 82' lang='lat' dir='ltr'><strong>incitamenta</strong></span> 
     </span>
     <span class='ocr_line' id='line_1_22' title="bbox 300 2633 1344 2742; baseline 0.005 -19"><span class='ocrx_word' id='word_1_153' title='bbox 300 2661 346 2725; x_wconf 89' lang='lat' dir='ltr'><strong>in</strong></span> <span class='ocrx_word' id='word_1_154' title='bbox 367 2633 515 2723; x_wconf 70' lang='lat' dir='ltr'><strong>senstim</strong></span> <span class='ocrx_word' id='word_1_155' title='bbox 540 2659 718 2741; x_wconf 85' lang='lat' dir='ltr'><strong>agentia,</strong></span> <span class='ocrx_word' id='word_1_156' title='bbox 737 2658 952 2736; x_wconf 74' lang='lat' dir='ltr'><strong>exaltatur-3</strong></span> <span class='ocrx_word' id='word_1_157' title='bbox 974 2657 1226 2742; x_wconf 86' lang='lat' dir='ltr'><strong>perficiuntur</strong></span> <span class='ocrx_word' id='word_1_158' title='bbox 1254 2682 1344 2728; x_wconf 89' lang='lat' dir='ltr'><strong>mo·</strong></span> 
     </span>
     <span class='ocr_line' id='line_1_23' title="bbox 304 2759 1344 2860; baseline 0.004 -34"><span class='ocrx_word' id='word_1_159' title='bbox 304 2764 355 2829; x_wconf 88' lang='lat' dir='ltr'><strong>do</strong></span> <span class='ocrx_word' id='word_1_160' title='bbox 378 2760 538 2846; x_wconf 79' lang='lat' dir='ltr'><strong>quaevis</strong></span> <span class='ocrx_word' id='word_1_161' title='bbox 545 2759 726 2831; x_wconf 79' lang='lat' dir='ltr'><strong>animalis</strong></span> <span class='ocrx_word' id='word_1_162' title='bbox 744 2761 1078 2860; x_wconf 80' lang='lat' dir='ltr'><strong>viiaefunctiories</strong></span> <span class='ocrx_word' id='word_1_163' title='bbox 1091 2803 1101 2836; x_wconf 88' lang='lat'>‚</span> <span class='ocrx_word' id='word_1_164' title='bbox 1113 2765 1151 2825; x_wconf 86' lang='lat' dir='ltr'><strong>et</strong></span> <span class='ocrx_word' id='word_1_165' title='bbox 1172 2761 1344 2830; x_wconf 83' lang='lat' dir='ltr'><strong>retinent</strong></span> 
     </span>
     <span class='ocr_line' id='line_1_24' title="bbox 302 2849 1343 2962; baseline 0 -32"><span class='ocrx_word' id='word_1_166' title='bbox 302 2884 412 2930; x_wconf 86' lang='lat' dir='ltr'><strong>suum</strong></span> <span class='ocrx_word' id='word_1_167' title='bbox 435 2885 502 2946; x_wconf 86' lang='lat' dir='ltr'><strong>per</strong></span> <span class='ocrx_word' id='word_1_168' title='bbox 522 2863 677 2928; x_wconf 81' lang='lat' dir='ltr'><strong>virilem</strong></span> <span class='ocrx_word' id='word_1_169' title='bbox 703 2868 805 2927; x_wconf 84' lang='lat' dir='ltr'><strong>aetat</strong></span> <span class='ocrx_word' id='word_1_170' title='bbox 808 2884 867 2926; x_wconf 87' lang='lat' dir='ltr'><strong>em</strong></span> <span class='ocrx_word' id='word_1_171' title='bbox 897 2849 1094 2962; x_wconf 67' lang='lat' dir='ltr'><strong>vigorem,</strong></span> <span class='ocrx_word' id='word_1_172' title='bbox 1125 2864 1193 2928; x_wconf 92' lang='lat' dir='ltr'><strong>ubi</strong></span> <span class='ocrx_word' id='word_1_173' title='bbox 1223 2866 1343 2930; x_wconf 64' lang='lat' dir='ltr'><strong>sensi»</strong></span> 
     </span>
     <span class='ocr_line' id='line_1_25' title="bbox 255 2951 1341 3049; baseline 0.003 -20"><span class='ocrx_word' id='word_1_174' title='bbox 255 2955 440 3029; x_wconf 77' lang='lat' dir='ltr'><strong>-bilitas</strong></span> <span class='ocrx_word' id='word_1_175' title='bbox 488 2983 572 3027; x_wconf 88' lang='lat' dir='ltr'><strong>cum</strong></span> <span class='ocrx_word' id='word_1_176' title='bbox 589 2959 778 3049; x_wconf 85' lang='lat' dir='ltr'><strong>&#39;reliquis</strong></span> <span class='ocrx_word' id='word_1_177' title='bbox 812 2965 916 3029; x_wconf 77' lang='lat' dir='ltr'><strong>vitae</strong></span> <span class='ocrx_word' id='word_1_178' title='bbox 959 2951 1341 3032; x_wconf 72' lang='lat' dir='ltr'><strong>manifestationibus</strong></span> 
     </span>
     <span class='ocr_line' id='line_1_26' title="bbox 304 3055 1343 3170; baseline 0.006 -40"><span class='ocrx_word' id='word_1_179' title='bbox 304 3070 360 3154; x_wconf 69' lang='lat' dir='ltr'><strong>(q.</strong></span> <span class='ocrx_word' id='word_1_180' title='bbox 387 3063 499 3156; x_wconf 81' lang='lat'><strong>75.)</strong></span> <span class='ocrx_word' id='word_1_181' title='bbox 489 3087 530 3131; x_wconf 86' lang='lat' dir='ltr'><strong>m</strong></span> <span class='ocrx_word' id='word_1_182' title='bbox 551 3055 831 3152; x_wconf 79' lang='lat' dir='ltr'><strong>aequilibrium</strong></span> <span class='ocrx_word' id='word_1_183' title='bbox 845 3071 1040 3166; x_wconf 78' lang='lat' dir='ltr'><strong>ponitur.-</strong></span> <span class='ocrx_word' id='word_1_184' title='bbox 1056 3059 1230 3170; x_wconf 81' lang='lat' dir='ltr'><strong>Oxydata</strong></span> <span class='ocrx_word' id='word_1_185' title='bbox 1252 3089 1343 3136; x_wconf 86' lang='lat' dir='ltr'><strong>con·</strong></span> 
     </span>
     <span class='ocr_line' id='line_1_27' title="bbox 302 3173 1343 3258; baseline -0.002 -16"><span class='ocrx_word' id='word_1_186' title='bbox 302 3179 415 3242; x_wconf 86' lang='lat' dir='ltr'><strong>ti&#39;nuo</strong></span> <span class='ocrx_word' id='word_1_187' title='bbox 442 3174 644 3254; x_wconf 82' lang='lat' dir='ltr'><strong>encephali</strong></span> <span class='ocrx_word' id='word_1_188' title='bbox 669 3179 706 3237; x_wconf 93' lang='lat' dir='ltr'><strong>et</strong></span> <span class='ocrx_word' id='word_1_189' title='bbox 725 3187 930 3238; x_wconf 85' lang='lat' dir='ltr'><strong>nervorum</strong></span> <span class='ocrx_word' id='word_1_190' title='bbox 954 3173 1123 3258; x_wconf 85' lang='lat' dir='ltr'><strong>medulla</strong></span> <span class='ocrx_word' id='word_1_191' title='bbox 1155 3174 1343 3258; x_wconf 82' lang='lat' dir='ltr'><strong>majorem</strong></span> 
     </span>
     <span class='ocr_line' id='line_1_28' title="bbox 303 3263 1344 3363; baseline -0.003 -18"><span class='ocrx_word' id='word_1_192' title='bbox 303 3263 447 3362; x_wconf 78' lang='lat' dir='ltr'><strong>a’ccipit</strong></span> <span class='ocrx_word' id='word_1_193' title='bbox 477 3277 789 3350; x_wconf 76' lang='lat' dir='ltr'><strong>consistentiam,</strong></span> <span class='ocrx_word' id='word_1_194' title='bbox 823 3278 924 3342; x_wconf 88' lang='lat' dir='ltr'><strong>unde</strong></span> <span class='ocrx_word' id='word_1_195' title='bbox 954 3285 1125 3363; x_wconf 86' lang='lat' dir='ltr'><strong>systema</strong></span> <span class='ocrx_word' id='word_1_196' title='bbox 1151 3279 1344 3342; x_wconf 85' lang='lat' dir='ltr'><strong>cerebraie</strong></span> 
     </span>
     <span class='ocr_line' id='line_1_29' title="bbox 302 3369 1342 3464; baseline 0 -20"><span class='ocrx_word' id='word_1_197' title='bbox 302 3395 411 3444; x_wconf 84' lang='lat' dir='ltr'><strong>suam</strong></span> <span class='ocrx_word' id='word_1_198' title='bbox 424 3369 659 3459; x_wconf 84' lang='lat' dir='ltr'><strong>pedetentim</strong></span> <span class='ocrx_word' id='word_1_199' title='bbox 681 3369 830 3443; x_wconf 85' lang='lat' dir='ltr'><strong>amittit</strong></span> <span class='ocrx_word' id='word_1_200' title='bbox 847 3375 1109 3442; x_wconf 87' lang='lat' dir='ltr'><strong>mobilitatem</strong></span> <span class='ocrx_word' id='word_1_201' title='bbox 1122 3379 1342 3464; x_wconf 70' lang='lat' dir='ltr'><strong>etreeepti·</strong></span> 
     </span>
     <span class='ocr_line' id='line_1_30' title="bbox 197 3469 1340 3565; baseline 0.009 -25"><span class='ocrx_word' id='word_1_202' title='bbox 197 3535 199 3540; x_wconf 90' lang='lat'><em>.</em></span> <span class='ocrx_word' id='word_1_203' title='bbox 302 3469 488 3556; x_wconf 77' lang='lat' dir='ltr'><strong>vitatem,</strong></span> <span class='ocrx_word' id='word_1_204' title='bbox 519 3471 619 3565; x_wconf 69' lang='grc' dir='ltr'><strong>ςυό</strong></span> <span class='ocrx_word' id='word_1_205' title='bbox 616 3487 653 3544; x_wconf 85' lang='lat' dir='ltr'><strong>et</strong></span> <span class='ocrx_word' id='word_1_206' title='bbox 675 3479 826 3545; x_wconf 91' lang='lat' dir='ltr'><strong>stimuli</strong></span> <span class='ocrx_word' id='word_1_207' title='bbox 849 3481 1013 3545; x_wconf 88' lang='lat' dir='ltr'><strong>relativa</strong></span> <span class='ocrx_word' id='word_1_208' title='bbox 1047 3479 1276 3550; x_wconf 86' lang='lat' dir='ltr'><strong>minuuntur</strong></span> <span class='ocrx_word' id='word_1_209' title='bbox 1298 3485 1340 3550; x_wconf 88' lang='lat' dir='ltr'><strong>vi</strong></span> 
     </span>
    </p>
   </div>
   <div class='ocr_carea' id='block_1_10' title="bbox 292 3573 1454 3674">
    <p class='ocr_par' dir='ltr' id='par_1_10' title="bbox 292 3573 1454 3674">
     <span class='ocr_line' id='line_1_31' title="bbox 292 3573 1454 3674; baseline -0.001 -20"><span class='ocrx_word' id='word_1_210' title='bbox 292 3573 355 3668; x_wconf 59' lang='lat' dir='ltr'><strong>li</strong></span> <span class='ocrx_word' id='word_1_211' title='bbox 375 3602 426 3666; x_wconf 79' lang='lat'><strong>73.</strong></span> <span class='ocrx_word' id='word_1_212' title='bbox 431 3575 633 3668; x_wconf 80' lang='lat' dir='ltr'><strong>),&#39;ipsique</strong></span> <span class='ocrx_word' id='word_1_213' title='bbox 656 3583 781 3649; x_wconf 79' lang='lat' dir='ltr'><strong>morbi</strong></span> <span class='ocrx_word' id='word_1_214' title='bbox 800 3587 1056 3650; x_wconf 84' lang='lat' dir='ltr'><strong>characterem</strong></span> <span class='ocrx_word' id='word_1_215' title='bbox 1066 3603 1270 3656; x_wconf 77' lang='lat' dir='ltr'><strong>nervosum</strong></span> <span class='ocrx_word' id='word_1_216' title='bbox 1281 3612 1345 3657; x_wconf 81' lang='lat' dir='ltr'><strong>ra·</strong></span> <span class='ocrx_word' id='word_1_217' title='bbox 1453 3647 1454 3674; x_wconf 25' lang='lat'>¹</span> 
     </span>
    </p>
   </div>
   <div class='ocr_carea' id='block_1_11' title="bbox 303 3677 731 3810">
    <p class='ocr_par' dir='ltr' id='par_1_11' title="bbox 303 3677 731 3810">
     <span class='ocr_line' id='line_1_32' title="bbox 303 3677 731 3810; baseline -0.005 -56"><span class='ocrx_word' id='word_1_218' title='bbox 303 3677 383 3810; x_wconf 74' lang='lat' dir='ltr'><strong>rius</strong></span> <span class='ocrx_word' id='word_1_219' title='bbox 403 3685 482 3775; x_wconf 73' lang='lat' dir='ltr'><strong>jam</strong></span> <span class='ocrx_word' id='word_1_220' title='bbox 502 3679 731 3782; x_wconf 79' lang='lat' dir='ltr'><strong>adsumunt</strong></span> 
     </span>
    </p>
   </div>
   <div class='ocr_carea' id='block_1_12' title="bbox 292 3847 1344 4157">
    <p class='ocr_par' dir='ltr' id='par_1_12' title="bbox 292 3847 1344 4157">
     <span class='ocr_line' id='line_1_33' title="bbox 385 3847 1344 3940; baseline 0.002 -22"><span class='ocrx_word' id='word_1_221' title='bbox 385 3857 520 3918; x_wconf 84' lang='lat' dir='ltr'><strong>Aetate</strong></span> <span class='ocrx_word' id='word_1_222' title='bbox 530 3850 654 3925; x_wconf 87' lang='lat' dir='ltr'><strong>senili,</strong></span> <span class='ocrx_word' id='word_1_223' title='bbox 667 3871 752 3914; x_wconf 87' lang='lat' dir='ltr'><strong>eum</strong></span> <span class='ocrx_word' id='word_1_224' title='bbox 765 3853 970 3918; x_wconf 84' lang='lat' dir='ltr'><strong>arteriolae</strong></span> <span class='ocrx_word' id='word_1_225' title='bbox 979 3847 1137 3922; x_wconf 82' lang='lat' dir='ltr'><strong>subtiles</strong></span> <span class='ocrx_word' id='word_1_226' title='bbox 1149 3857 1344 3940; x_wconf 82' lang='lat' dir='ltr'><strong>plurimas</strong></span> 
     </span>
     <span class='ocr_line' id='line_1_34' title="bbox 304 3951 1340 4040; baseline 0.001 -17"><span class='ocrx_word' id='word_1_227' title='bbox 304 3957 559 4024; x_wconf 81' lang='lat' dir='ltr'><strong>obliterantur</strong></span> <span class='ocrx_word' id='word_1_228' title='bbox 573 3951 624 4036; x_wconf 68' lang='lat' dir='ltr'><strong>(t,</strong></span> <span class='ocrx_word' id='word_1_229' title='bbox 641 3957 746 4040; x_wconf 77' lang='lat'>156.,)</span> <span class='ocrx_word' id='word_1_230' title='bbox 761 3958 983 4022; x_wconf 70' lang='lat' dir='ltr'><strong>atvitalitas</strong></span> <span class='ocrx_word' id='word_1_231' title='bbox 1004 3959 1187 4025; x_wconf 77' lang='lat' dir='ltr'><strong>diuturna</strong></span> <span class='ocrx_word' id='word_1_232' title='bbox 1199 3960 1340 4024; x_wconf 73' lang='lat' dir='ltr'><strong>incita</strong></span> 
     </span>
     <span class='ocr_line' id='line_1_35' title="bbox 292 4051 1343 4157; baseline 0.001 -31"><span class='ocrx_word' id='word_1_233' title='bbox 292 4065 524 4126; x_wconf 83' lang='lat' dir='ltr'><strong>-mentorum</strong></span> <span class='ocrx_word' id='word_1_234' title='bbox 538 4059 687 4122; x_wconf 83' lang='lat' dir='ltr'><strong>actione</strong></span> <span class='ocrx_word' id='word_1_235' title='bbox 701 4051 948 4134; x_wconf 72' lang='lat' dir='ltr'><strong>exhauriatur</strong></span> <span class='ocrx_word' id='word_1_236' title='bbox 961 4059 1012 4146; x_wconf 70' lang='lat' dir='ltr'><strong>(i.</strong></span> <span class='ocrx_word' id='word_1_237' title='bbox 1016 4080 1068 4144; x_wconf 87' lang='lat'><strong>73.</strong></span> <span class='ocrx_word' id='word_1_238' title='bbox 1082 4063 1343 4157; x_wconf 60' lang='lat' dir='ltr'><strong>IV.)5systsme</strong></span> 
     </span>
    </p>
   </div>
   <div class='ocr_carea' id='block_1_13' title="bbox 298 4161 1342 4330">
    <p class='ocr_par' dir='ltr' id='par_1_13' title="bbox 298 4161 1342 4330">
     <span class='ocr_line' id='line_1_36' title="bbox 298 4161 1342 4256; baseline 0.007 -28"><span class='ocrx_word' id='word_1_239' title='bbox 298 4161 498 4230; x_wconf 63' lang='lat' dir='ltr'><strong>¹tenebrale</strong></span> <span class='ocrx_word' id='word_1_240' title='bbox 519 4183 628 4232; x_wconf 87' lang='lat' dir='ltr'><strong>suam</strong></span> <span class='ocrx_word' id='word_1_241' title='bbox 646 4165 796 4231; x_wconf 84' lang='lat' dir='ltr'><strong>amittit</strong></span> <span class='ocrx_word' id='word_1_242' title='bbox 807 4171 1011 4256; x_wconf 70' lang='lat' dir='ltr'><strong>energiam</strong></span> <span class='ocrx_word' id='word_1_243' title='bbox 1036 4172 1233 4242; x_wconf 80' lang='lat' dir='ltr'><strong>Minuitur</strong></span> <span class='ocrx_word' id='word_1_244' title='bbox 1251 4171 1342 4242; x_wconf 78' lang='lat' dir='ltr'><strong>hina</strong></span> 
     </span>
     <span class='ocr_line' id='line_1_37' title="bbox 705 4275 934 4330; baseline 0.004 -33"><span class='ocrx_word' id='word_1_245' title='bbox 705 4282 710 4297; x_wconf 71' lang='grc'><em>,</em></span> <span class='ocrx_word' id='word_1_246' title='bbox 838 4296 845 4330; x_wconf 46' lang='lat'><em>1</em></span> <span class='ocrx_word' id='word_1_247' title='bbox 930 4275 934 4284; x_wconf 86' lang='lat'>-</span> 
     </span>
    </p>
   </div>
   <div class='ocr_carea' id='block_1_14' title="bbox 0 0 1466 4998">
    <p class='ocr_par' dir='ltr' id='par_1_14' title="bbox 0 0 1466 4998">
     <span class='ocr_line' id='line_1_38' title="bbox 0 0 1466 4998; baseline 0 0"><span class='ocrx_word' id='word_1_248' title='bbox 0 0 1466 4998; x_wconf 95' lang='lat' dir='ltr'><strong> </strong></span> 
     </span>
    </p>
   </div>
  </div>
 </body>
</html>
