2920 4998
283 435 351 506 ιιι
371 385 459 486 ‘nra
468 417 515 482 11.
528 415 618 480 cer.
631 413 676 479 11.
689 414 747 478 De
768 397 856 476 cna.
870 420 965 475 ιιιιιι.
988 420 1288 514 caracterem.

290 589 352 646 sus
385 565 574 631 exteriora
603 579 771 642 expansa
802 556 854 620 sit
887 561 924 619 et
953 555 1070 619 simul
1101 560 1326 638 compacta,

288 673 391 738 unde
405 669 573 764 musculi
605 663 753 748 majora
776 661 1052 732 nanciscuntur
1083 659 1327 732 adhaesionis

288 784 452 895 puncta,
473 779 510 838 et
526 770 658 838 robori
680 768 799 832 simul
818 766 1063 849 prospicitur.
1096 765 1328 845 Extremita-

142 877 148 898 '
225 941 227 945 .
289 891 345 948 tes
375 879 519 944 ossium
546 877 749 956 longorum
778 868 905 944 varias
938 869 1084 932 habent
1105 868 1328 950 prominen-

288 985 387 1059 tias,
409 976 678 1046 articulationi
700 982 737 1039 et
758 971 983 1038 adhaesioni
1006 968 1178 1054 partium
1202 970 1330 1035 diver-

290 1107 419 1152 sarum
456 1083 743 1168 inservientem
776 1071 1036 1163 cylindricum
1070 1093 1162 1170 uero
1194 1087 1329 1157 corpus

290 1189 485 1270 triplicem
514 1185 636 1250 habet
666 1181 834 1261 lineam,
853 1178 913 1243 cui
939 1175 1235 1269 apunevroticae
1262 1177 1331 1242 ad·
1451 1177 1452 1228 l

282 1293 451 1362 ‘haerent
472 1289 730 1354 membranae.
799 1325 806 1342 .-

374 1439 415 1524 ι)
439 1438 533 1500 Ossa
558 1433 733 1517 planae
753 1431 876 1496 motui
904 1431 1088 1496 hactenus
1108 1428 1246 1492 saltem
1267 1427 1328 1492 in·

292 1538 484 1611 serviunt,
505 1543 549 1601 ut
567 1537 749 1602 musculis
772 1535 916 1600 ossium
937 1535 1140 1618 longorum
1169 1533 1211 1596 ln
1233 1532 1330 1595 locis

293 1639 523 1744 quibusdam
552 1637 675 1704 fixum
712 1639 919 1704 exhibeant
954 1643 1181 1740 punctump
1178 1655 1330 1700 cavum

181 1811 187 1822 ,
291 1745 416 1810 oranii
433 1751 471 1810 et
489 1746 641 1828 pelveos
660 1745 722 1810 his
742 1727 961 1808 formantur
977 1743 1129 1826 ossibus
1144 1741 1330 1826 xjungun·

289 1854 364 1912 tur
376 1849 488 1928 plura
506 1847 644 1928 simul,
662 1855 706 1912 ut
725 1847 949 1912 inferendae
980 1850 1157 1910 externae
1179 1844 1220 1907 vi
1240 1849 1331 1907 ten·

279 1955 331 2016 ·to
353 1953 490 2015 melius
511 1953 688 2016 resistere
707 1954 885 2013 valeant:
903 1947 1064 2013 eliditur
1085 1949 1243 2033 quippe
1249 1968 1331 2011 oon·

287 2057 396 2138 poris
426 2055 573 2120 externi
601 2052 699 2118 vis
687 2073 728 2117 ιιι
760 2053 927 2127 suturis,
948 2052 1051 2116 unde
1083 2054 1143 2118 vis
1173 2051 1331 2130 eadem,
1451 2063 1452 2084 ¹

203 2219 206 2224 .
292 2161 451 2244 quaein
474 2182 632 2248 corpore
665 2147 870 2244 juvenili
859 2181 988 2242 ipsum
1008 2157 1073 2226 vix
1105 2159 1226 2234 laedit
1247 2181 1331 2226 cra·

206 2329 209 2335 Α
274 2268 426 2368 Ιιιὶιιιιι,
450 2271 635 2337 fracturas
660 2277 698 2334 et
718 2269 873 2333 fissuras
893 2268 1065 2341 inducit,
1084 2269 1152 2332 ubi
1174 2272 1332 2331 suturae

292 2369 370 2452 jam
387 2373 710 2440 ,confer-virerent.
729 2417 737 2426 -.
748 2373 901 2436 Habent
921 2373 1015 2435 haec
1039 2391 1124 2434 ossa
1144 2372 1331 2434 extimam

240 2473 243 2490 '
291 2473 432 2539 faeiem
453 2475 665 2555 plurimum
688 2493 907 2547 convexam,
920 2478 960 2537 et
981 2491 1188 2536 concavam
1209 2473 1331 2536 inter-

292 2593 409 2648 nam,
434 2593 530 2659 quae
556 2561 762 2660 dispositio
794 2575 980 2667 laesiones
1011 2584 1183 2640 externas
1213 2595 1330 2660 porro

293 2673 560 2760 praecavet,et
580 2676 682 2742 cavis
701 2677 915 2744 formandis
936 2679 1081 2762 optime
1108 2675 1329 2760 respondet.

140 2827 143 2834 ·
213 2839 216 2844 .
283 2781 477 2858 Constant
494 2783 638 2850 tabulis
660 2781 805 2845 duabus
828 2782 1089 2858 densioribus,
1103 2781 1239 2870 quibus
1254 2778 1331 2860 cel-

283 2883 417 2955 ¹lulosa
445 2887 664 2976 substantia
692 2887 922 2969 interposita
948 2885 1131 2963 hebetum
1154 2885 1330 2967 margine

292 2988 545 3070 potissimum,
559 2988 765 3065 crassiora,
784 2995 823 3054 et
853 2986 981 3052 media
1006 2993 1117 3074 parte
1148 2987 1329 3070 tenuiore

207 3175 212 3183 ,
261 3113 265 3129 ·
294 3087 393 3174 eunt·
582 3121 588 3186 ι

375 3229 418 3313 3)
446 3232 537 3294 Ossa
567 3229 768 3296 brevies
797 3227 855 3294 ibi
882 3228 1094 3314 plurimum
1126 3225 1326 3303 besentun,

293 3330 360 3394 ubi
382 3331 581 3410 mobilitas
608 3353 693 3397 cum
721 3331 910 3400 firmitate
934 3335 1066 3418 juncta
1095 3333 1327 3416 requiritur,

293 3438 337 3496 ut
356 3433 395 3496 in
416 3435 596 3500 columne
615 3436 823 3502 vertebrali
837 3436 899 3512 ,in
918 3442 1021 3502 tarso
1043 3442 1080 3500 et
1099 3453 1211 3517 carpo
1233 3455 1327 3518 opus

294 3541 361 3598 est.
394 3537 445 3600 Eo
468 3539 586 3604 etiam
613 3539 692 3602 fine
720 3539 831 3622 plura
853 3539 1022 3604 invicem
1037 3537 1238 3618 conjuncta
1259 3537 1325 3614 adr

294 3644 405 3713 sunt}
426 3643 625 3706 continent
642 3642 718 3706 ista
736 3643 947 3724 plurimum
970 3642 1014 3708 de
1036 3626 1218 3708 cell-ulosa
1238 3641 1327 3712 sub.-

269 3759 274 3770 ·
293 3743 461 3816 stantia,
480 3727 579 3810 unde
601 3752 638 3808 et
660 3744 777 3808 caniei
800 3735 1009 3828 plurimum
1040 3747 1207 3812 obnoxia
1223 3753 1325 3812 sunt.

292 3845 486 3910 Exhibeat
507 3849 570 3910 vel
588 3847 729 3932 figures
751 3851 964 3932 regulares,
975 3849 1225 3933 geometricas
1237 3849 1325 3928 ,vel

293 3947 533 4034 irregulares.

395 4087 496 4182 *)Fr.
524 4113 597 4190 Xer.
622 4111 869 4170 swumtuuu:
887 4116 958 4171 diss.
981 4115 1122 4192 exhibens
1144 4112 1318 4190 descriptio·

361 4217 428 4258 narn
445 4182 652 4273 praeparator.
668 4211 747 4256 eret.
759 4175 1139 4280 ,queepossidetllecult
1156 4202 1237 4263 med.
1254 4203 1320 4262 illn-

362 4285 430 4365 doh,
449 4285 591 4354 Viennae,
609 4304 684 4362 ¹7⁷²·
695 4289 726 4346 θ.
746 4305 777 4366 p.
795 4290 840 4346 62.
