2904 5004
296 414 355 486 rto
378 417 473 482 Lus.
486 405 531 476 ll.
554 409 699 522 Canll.
714 407 771 470 De
784 413 875 470 osus
889 411 987 467 uum·
1003 415 1111 466 conr.
1134 405 1305 466 sussum.

291 577 377 622 cum
411 555 544 641 aliqua
573 549 730 634 prosilit
752 549 818 625 vi,
839 551 877 610 et
900 547 1181 610 contrahuntur
1208 545 1338 628 paris*

220 736 224 745 Ι
289 664 345 744 tes
381 657 458 742 ejus
494 654 608 729 adeo,
631 659 674 717 ut
696 653 823 734 ipsum
850 651 917 712 vix
944 649 1111 736 amplius
1144 647 1337 713 discernas

219 849 223 860 Ι
293 763 619 846 conceptaculum.
652 745 811 818 Va‘rium
844 755 961 816 etiam
983 759 1057 828 est,
1079 759 1123 816 ut
1151 752 1342 818 vivioidia

292 869 643 942 docent,vasorum
666 862 880 921 lacteorum
905 861 942 918 et
970 855 1240 940 glandularum
1273 877 1341 920 vo-

291 977 444 1048 lumen,
478 971 556 1042 ita,
576 966 809 1048 uthumore
840 963 1023 1046 absorpto
1057 939 1223 1024 multum
1259 960 1341 1041 jam

260 1079 262 1084 ’
289 1077 495 1160 turgeant,
517 1088 730 1156 rursusque
754 1063 1029 1132 detumescant.
1060 1063 1243 1128 Fervente
1277 1081 1340 1125 cua

290 1183 371 1246 lore
384 1223 395 1254 ,
409 1185 492 1242 tum
514 1155 711 1246 vasatum
734 1169 940 1254 glandulae
967 1165 1080 1248 hujus
1101 1163 1341 1252 systematis,

299 1280 449 1368 aliquid
492 1281 763 1360 corrugantur,
798 1281 836 1338 st
866 1272 1116 1336 resolvuntur
1161 1257 1340 1335 coctione

295 1393 507 1475 protractas
540 1381 669 1448 Acidis
692 1380 946 1444 mineralibus
969 1383 1156 1443 tractatae
1177 1377 1219 1441 in
1248 1377 1337 1460 pul-

224 1569 231 1575 ,
293 1501 373 1560 tem
410 1487 623 1565 diffluunt;
652 1483 840 1550 alcalibus
878 1500 969 1547 vero
1000 1494 1208 1567 nunquam,
1227 1483 1341 1568 plene

294 1599 510 1686 solvuntur.

265 1754 268 1768 ¹
375 1740 494 1802 Tenet
513 1737 684 1818 systema
715 1709 1002 1814 lymphaticum
1026 1723 1251 1820 inferiorem
1276 1725 1339 1822 vi„

275 1849 356 1913 ‘tae
376 1837 601 1909 individuae
623 1833 784 1920 gradum
806 1851 851 1936 ac
883 1831 1169 1915 sanguiferumz
1194 1829 1340 1896 etenim

296 1949 511 2032 dispersum
542 1946 580 2004 et
614 1942 745 2000 centro
780 1935 878 1998 reali
908 1934 1136 1998 destitutum
1171 1929 1248 2011 est3
1272 1929 1342 1995 ad-

145 2048 149 2057 ’
240 2027 241 2032 ¹
295 2059 385 2120 sunt
407 2047 508 2113 rami
530 2041 653 2108 multo
680 2041 830 2122 plures,
851 2041 984 2121 plexus
1013 2035 1217 2121 permulti,
1245 2057 1339 2100 ana-

213 2207 215 2212 .
294 2165 480 2221 stomoses
492 2142 975 2232 frequentissimae;abest
994 2145 1194 2224 praeterea
1212 2139 1338 2203 omnis

255 2254 553 2344 asymmetria,
575 2255 613 2312 et
640 2247 863 2313 inconstans
896 2243 1064 2307 cernitur
1091 2237 1340 2316 distributio,

296 2361 413 2465 adep,
434 2363 477 2421 ut
506 2355 629 2417 multo
657 2350 785 2433 plures
815 2348 880 2412 hic
914 2352 1135 2428 occurrant,
1158 2364 1272 2433 quam
1297 2347 1340 2410 in

194 2451 206 2508 ‘¹
296 2465 377 2530 ullo
397 2459 608 2548 systemate
628 2451 850 2516 varietates.
881 2445 1123 2514 sensibilitas
1157 2447 1337 2512 animalis

296 2568 339 2634 ln
361 2562 529 2632 normali
552 2561 657 2622 statu
678 2555 780 2618 vasis
805 2555 842 2617 et
862 2547 1055 2637 glandulis
1071 2549 1340 2639 lymphaticis,

297 2680 342 2737 ut
365 2663 628 2752 experimenta
645 2659 688 2722 in
706 2652 807 2722 vivis
830 2655 1066 2722 animalibus
1087 2657 1192 2720 facta
1213 2660 1341 2722 oston-

236 2782 238 2788 '
299 2777 423 2849 dunt,
446 2769 573 2833 deesse
595 2762 765 2828 'omnino
787 2759 956 2825 videtur.
988 2754 1060 2823 Ubi
1092 2780 1181 2826 vero
1206 2761 1340 2826 irrita·

298 2880 354 2944 tio
376 2865 576 2938 accesserit
595 2864 819 2942 abnormis,
852 2864 990 2928 oborta
1012 2861 1341 2942 inflammatione,

298 2983 501 3066 praesente
546 2968 819 3058 glandularum
861 2971 1015 3030 tumore
1063 2959 1341 3050 scrophuloso‚

295 3083 509 3154 scirrhoso,
531 3091 708 3142 cancroso
726 3114 737 3152 ,
752 3085 914 3135 venereo
933 3073 1026 3143 etc,
1050 3069 1211 3134 maximi
1230 3081 1358 3153 saepe'

300 3191 348 3256 ab
380 3189 454 3254 hoc
486 3181 717 3268 systemate,
747 3172 916 3238 exaltato
947 3171 1026 3254 ej'us
1058 3193 1193 3248 sensu,
1214 3174 1340 3258 perci-

297 3295 459 3382 piuntur
487 3283 649 3374 dolores·
671 3277 960 3346 Contractilitas
984 3267 1187 3360 oiganica,
1201 3283 1239 3340 et
1261 3277 1346 3363 qui-

122 3433 127 3440 ·
223 3391 225 3396 ’
300 3396 386 3464 dem
417 3390 646 3460 manifesta,
679 3386 721 3448 in
749 3382 861 3446 vasis
876 3377 1130 3464 lymphaticis
1162 3379 1342 3444 domina·

214 3581 219 3592 .
299 3507 386 3574 tur,
413 3492 513 3580 quod
543 3485 741 3570 absorptio
764 3489 803 3547 et
832 3471 1018 3567 lymphae
1040 3481 1254 3565 promotio,
1275 3499 1346 3564 per

298 3610 424 3674 solam
442 3598 715 3687 attractionem
732 3591 935 3675 physicam
967 3587 1128 3652 minime
1152 3601 1343 3668 exponen-

297 3707 377 3785 da,
411 3695 628 3774 ostendunt.
662 3688 816 3767 Tribuit
847 3695 1059 3758 Hstusuus
1090 3687 1344 3776 lymphaticis

298 3808 405 3884 vasis
426 3811 613 3892 maiorem
635 3821 749 3889 quam
770 3798 991 3876 sanguifero
1025 3793 1228 3881 systemati
1249 3793 1343 3858 irri-

249 3975 255 3984 .
297 3920 538 3988 tabilitatem
548 3914 563 3990 ,'
577 3903 767 3995 siquidem
797 3900 1015 3968 thoracicus¹
1038 3897 1172 3962 ductus
1201 3900 1240 3960 et
1263 3893 1343 3958 alia

297 4017 518 4110 lympatica
548 4033 641 4076 vasa
679 3995 916 4090 lympham,
948 4003 1105 4086 chylum
1145 4004 1211 4063 aut
1243 3996 1343 4062 alios

295 4123 441 4192 tinctos
460 4123 656 4206 liquores,
685 4109 825 4198 quibus
849 4105 1039 4188 absorptis
1061 4107 1237 4185 turgent,
1256 4098 1342 4164 oleo

292 4227 454 4298 vitricoli
475 4224 537 4288 vel
567 4212 849 4284 altisssimulis
881 4210 1081 4283 lacessita,
1106 4199 1219 4270 sactis
1251 4221 1340 4266 con·

292 4327 558 4400 tractionibus
589 4316 826 4388 manifestis,
857 4314 1055 4378 celerrime
1083 4307 1342 4394 promoveant

1280 4407 1335 4492 .,
