<?xml version="1.0" encoding="UTF-8"?>
<!DOCTYPE html PUBLIC "-//W3C//DTD XHTML 1.0 Transitional//EN"
    "http://www.w3.org/TR/xhtml1/DTD/xhtml1-transitional.dtd">
<html xmlns="http://www.w3.org/1999/xhtml" xml:lang="en" lang="en">
 <head>
  <title>
</title>
<meta http-equiv="Content-Type" content="text/html;charset=utf-8" />
  <meta name='ocr-system' content='tesseract 3.04.00' />
  <meta name='ocr-capabilities' content='ocr_page ocr_carea ocr_par ocr_line ocrx_word'/>
</head>
<body>
  <div class='ocr_page' id='page_1' title='image "./physiologiamedi02lenhgoog_0019.png"; bbox 0 0 2904 4996; ppageno 0'>
   <div class='ocr_carea' id='block_1_1' title="bbox 278 422 1235 538">
    <p class='ocr_par' dir='ltr' id='par_1_1' title="bbox 278 422 1235 538">
     <span class='ocr_line' id='line_1_1' title="bbox 278 422 1235 538; baseline 0.01 -49"><span class='ocrx_word' id='word_1_1' title='bbox 278 439 301 504; x_wconf 75' lang='lat'>4</span> <span class='ocrx_word' id='word_1_2' title='bbox 361 423 504 512; x_wconf 49' lang='lat'>1213211.</span> <span class='ocrx_word' id='word_1_3' title='bbox 516 422 709 490; x_wconf 75' lang='lat' dir='ltr'>cnr.1.Ds</span> <span class='ocrx_word' id='word_1_4' title='bbox 726 435 992 538; x_wconf 58' lang='lat' dir='ltr'>reinconsp.</span> <span class='ocrx_word' id='word_1_5' title='bbox 1013 443 1235 498; x_wconf 76' lang='lat' dir='ltr'>nomoonr.</span> 
     </span>
    </p>
   </div>
   <div class='ocr_carea' id='block_1_2' title="bbox 281 563 1327 772">
    <p class='ocr_par' dir='ltr' id='par_1_2' title="bbox 281 563 1327 772">
     <span class='ocr_line' id='line_1_2' title="bbox 281 563 1327 664; baseline 0.002 -22"><span class='ocrx_word' id='word_1_6' title='bbox 281 577 489 642; x_wconf 78' lang='lat' dir='ltr'>ostendunt</span> <span class='ocrx_word' id='word_1_7' title='bbox 506 563 785 660; x_wconf 78' lang='lat' dir='ltr'>phaenomena.</span> <span class='ocrx_word' id='word_1_8' title='bbox 808 576 908 658; x_wconf 81' lang='lat' dir='ltr'>Quia</span> <span class='ocrx_word' id='word_1_9' title='bbox 918 597 1007 646; x_wconf 87' lang='lat' dir='ltr'>vero</span> <span class='ocrx_word' id='word_1_10' title='bbox 1027 599 1222 664; x_wconf 80' lang='lat' dir='ltr'>processus</span> <span class='ocrx_word' id='word_1_11' title='bbox 1236 582 1327 646; x_wconf 90' lang='lat' dir='ltr'>che·</span> 
     </span>
     <span class='ocr_line' id='line_1_3' title="bbox 282 678 1326 772; baseline 0.007 -28"><span class='ocrx_word' id='word_1_12' title='bbox 282 681 405 744; x_wconf 89' lang='lat' dir='ltr'>micus</span> <span class='ocrx_word' id='word_1_13' title='bbox 428 678 554 764; x_wconf 84' lang='lat' dir='ltr'>quivis</span> <span class='ocrx_word' id='word_1_14' title='bbox 575 697 643 763; x_wconf 89' lang='lat' dir='ltr'>per</span> <span class='ocrx_word' id='word_1_15' title='bbox 667 678 915 764; x_wconf 87' lang='lat' dir='ltr'>dynamicam</span> <span class='ocrx_word' id='word_1_16' title='bbox 936 683 1145 750; x_wconf 81' lang='lat' dir='ltr'>suscitatur</span> <span class='ocrx_word' id='word_1_17' title='bbox 1167 691 1206 751; x_wconf 92' lang='lat' dir='ltr'>et</span> <span class='ocrx_word' id='word_1_18' title='bbox 1225 689 1326 772; x_wconf 86' lang='lat' dir='ltr'>regi-</span> 
     </span>
    </p>
   </div>
   <div class='ocr_carea' id='block_1_3' title="bbox 229 779 1325 876">
    <p class='ocr_par' dir='ltr' id='par_1_3' title="bbox 229 779 1325 876">
     <span class='ocr_line' id='line_1_4' title="bbox 229 779 1325 876; baseline 0.016 -36"><span class='ocrx_word' id='word_1_19' title='bbox 229 831 233 840; x_wconf 92' lang='lat'>.</span> <span class='ocrx_word' id='word_1_20' title='bbox 280 789 344 849; x_wconf 87' lang='lat' dir='ltr'>tur</span> <span class='ocrx_word' id='word_1_21' title='bbox 365 784 583 866; x_wconf 88' lang='lat' dir='ltr'>potentiam</span> <span class='ocrx_word' id='word_1_22' title='bbox 609 780 661 868; x_wconf 77' lang='grc' dir='ltr'>(ς.</span> <span class='ocrx_word' id='word_1_23' title='bbox 683 779 759 867; x_wconf 89' lang='grc'><strong>8.),</strong></span> <span class='ocrx_word' id='word_1_24' title='bbox 783 803 946 870; x_wconf 87' lang='lat' dir='ltr'>cumque</span> <span class='ocrx_word' id='word_1_25' title='bbox 976 787 1153 872; x_wconf 86' lang='lat' dir='ltr'>ingenita</span> <span class='ocrx_word' id='word_1_26' title='bbox 1179 795 1325 876; x_wconf 86' lang='lat' dir='ltr'>germi-</span> 
     </span>
    </p>
   </div>
   <div class='ocr_carea' id='block_1_4' title="bbox 276 887 1445 978">
    <p class='ocr_par' dir='ltr' id='par_1_4' title="bbox 276 887 1445 978">
     <span class='ocr_line' id='line_1_5' title="bbox 276 887 1445 978; baseline 0.006 -24"><span class='ocrx_word' id='word_1_27' title='bbox 276 887 389 954; x_wconf 86' lang='lat' dir='ltr'>nibus</span> <span class='ocrx_word' id='word_1_28' title='bbox 413 887 604 972; x_wconf 86' lang='lat' dir='ltr'>organicie</span> <span class='ocrx_word' id='word_1_29' title='bbox 626 887 689 952; x_wconf 80' lang='lat' dir='ltr'>vis</span> <span class='ocrx_word' id='word_1_30' title='bbox 709 887 822 978; x_wconf 77' lang='lat' dir='ltr'>varia</span> <span class='ocrx_word' id='word_1_31' title='bbox 846 890 899 954; x_wconf 90' lang='lat' dir='ltr'>sit</span> <span class='ocrx_word' id='word_1_32' title='bbox 922 887 963 955; x_wconf 82' lang='lat' dir='ltr'>in</span> <span class='ocrx_word' id='word_1_33' title='bbox 986 891 1150 957; x_wconf 86' lang='lat' dir='ltr'>diversis</span> <span class='ocrx_word' id='word_1_34' title='bbox 1179 893 1326 960; x_wconf 88' lang='lat' dir='ltr'>indivi-</span> <span class='ocrx_word' id='word_1_35' title='bbox 1443 917 1445 944; x_wconf 81' lang='lat'><strong>¹</strong></span> 
     </span>
    </p>
   </div>
   <div class='ocr_carea' id='block_1_5' title="bbox 262 985 1445 1392">
    <p class='ocr_par' dir='ltr' id='par_1_5' title="bbox 262 985 1445 1392">
     <span class='ocr_line' id='line_1_6' title="bbox 262 985 1325 1079; baseline 0.006 -23"><span class='ocrx_word' id='word_1_36' title='bbox 262 991 362 1056; x_wconf 86' lang='lat' dir='ltr'>¹duis</span> <span class='ocrx_word' id='word_1_37' title='bbox 384 992 436 1075; x_wconf 65' lang='lat' dir='ltr'>(p.</span> <span class='ocrx_word' id='word_1_38' title='bbox 457 993 532 1079; x_wconf 83' lang='lat'><strong>60.)</strong></span> <span class='ocrx_word' id='word_1_39' title='bbox 544 1031 556 1066; x_wconf 86' lang='lat'><em>‚</em></span> <span class='ocrx_word' id='word_1_40' title='bbox 579 991 659 1056; x_wconf 90' lang='lat' dir='ltr'>imo</span> <span class='ocrx_word' id='word_1_41' title='bbox 681 985 840 1056; x_wconf 87' lang='lat' dir='ltr'>differat</span> <span class='ocrx_word' id='word_1_42' title='bbox 862 992 903 1056; x_wconf 90' lang='lat' dir='ltr'>in</span> <span class='ocrx_word' id='word_1_43' title='bbox 925 995 1047 1059; x_wconf 84' lang='lat' dir='ltr'>variis</span> <span class='ocrx_word' id='word_1_44' title='bbox 1069 995 1239 1078; x_wconf 84' lang='lat' dir='ltr'>ejusdem</span> <span class='ocrx_word' id='word_1_45' title='bbox 1262 1019 1325 1062; x_wconf 91' lang='lat' dir='ltr'>or·</span> 
     </span>
     <span class='ocr_line' id='line_1_7' title="bbox 276 1089 1324 1183; baseline 0.006 -26"><span class='ocrx_word' id='word_1_46' title='bbox 276 1094 444 1179; x_wconf 88' lang='lat' dir='ltr'>genismi</span> <span class='ocrx_word' id='word_1_47' title='bbox 463 1091 639 1178; x_wconf 85' lang='lat' dir='ltr'>partibus</span> <span class='ocrx_word' id='word_1_48' title='bbox 669 1089 720 1174; x_wconf 86' lang='lat'>(§.</span> <span class='ocrx_word' id='word_1_49' title='bbox 740 1092 842 1176; x_wconf 81' lang='lat'><strong>58.)3</strong></span> <span class='ocrx_word' id='word_1_50' title='bbox 864 1101 1000 1178; x_wconf 86' lang='lat' dir='ltr'>suapte</span> <span class='ocrx_word' id='word_1_51' title='bbox 1030 1097 1225 1183; x_wconf 86' lang='lat' dir='ltr'>sequitur,</span> <span class='ocrx_word' id='word_1_52' title='bbox 1255 1121 1324 1164; x_wconf 87' lang='lat' dir='ltr'>va-</span> 
     </span>
     <span class='ocr_line' id='line_1_8' title="bbox 275 1193 1445 1286; baseline 0.005 -24"><span class='ocrx_word' id='word_1_53' title='bbox 275 1199 377 1262; x_wconf 88' lang='lat' dir='ltr'>riam</span> <span class='ocrx_word' id='word_1_54' title='bbox 400 1215 477 1260; x_wconf 89' lang='lat' dir='ltr'>esse</span> <span class='ocrx_word' id='word_1_55' title='bbox 503 1194 640 1258; x_wconf 89' lang='lat' dir='ltr'>debere</span> <span class='ocrx_word' id='word_1_56' title='bbox 669 1193 711 1259; x_wconf 91' lang='lat' dir='ltr'>in</span> <span class='ocrx_word' id='word_1_57' title='bbox 739 1195 862 1280; x_wconf 70' lang='lat' dir='ltr'>pariis</span> <span class='ocrx_word' id='word_1_58' title='bbox 894 1199 1119 1281; x_wconf 77' lang='lat' dir='ltr'>corporibus</span> <span class='ocrx_word' id='word_1_59' title='bbox 1142 1208 1179 1267; x_wconf 85' lang='lat' dir='ltr'>et</span> <span class='ocrx_word' id='word_1_60' title='bbox 1199 1204 1323 1286; x_wconf 86' lang='lat' dir='ltr'>parti·</span> <span class='ocrx_word' id='word_1_61' title='bbox 1444 1269 1445 1278; x_wconf 62' lang='grc'>,</span> 
     </span>
     <span class='ocr_line' id='line_1_9' title="bbox 272 1297 1445 1392; baseline 0.005 -27"><span class='ocrx_word' id='word_1_62' title='bbox 272 1299 344 1365; x_wconf 87' lang='lat' dir='ltr'>bue</span> <span class='ocrx_word' id='word_1_63' title='bbox 364 1297 584 1384; x_wconf 83' lang='lat' dir='ltr'>energiam,</span> <span class='ocrx_word' id='word_1_64' title='bbox 608 1317 684 1382; x_wconf 88' lang='lat' dir='ltr'>qua</span> <span class='ocrx_word' id='word_1_65' title='bbox 708 1299 953 1365; x_wconf 80' lang='lat' dir='ltr'>substantiae</span> <span class='ocrx_word' id='word_1_66' title='bbox 985 1301 1161 1367; x_wconf 86' lang='lat' dir='ltr'>diversae</span> <span class='ocrx_word' id='word_1_67' title='bbox 1184 1304 1225 1368; x_wconf 90' lang='lat' dir='ltr'>in</span> <span class='ocrx_word' id='word_1_68' title='bbox 1255 1327 1330 1371; x_wconf 83' lang='lat' dir='ltr'>sua</span> <span class='ocrx_word' id='word_1_69' title='bbox 1443 1321 1445 1392; x_wconf 53' lang='lat' dir='ltr'><em>g</em></span> 
     </span>
    </p>
   </div>
   <div class='ocr_carea' id='block_1_6' title="bbox 178 1400 1324 1491">
    <p class='ocr_par' dir='ltr' id='par_1_6' title="bbox 178 1400 1324 1491">
     <span class='ocr_line' id='line_1_10' title="bbox 178 1400 1324 1491; baseline 0.002 -21"><span class='ocrx_word' id='word_1_70' title='bbox 178 1459 180 1470; x_wconf 92' lang='lat'><em>.</em></span> <span class='ocrx_word' id='word_1_71' title='bbox 275 1403 519 1468; x_wconf 85' lang='lat' dir='ltr'>resolvantur</span> <span class='ocrx_word' id='word_1_72' title='bbox 548 1400 766 1485; x_wconf 89' lang='lat' dir='ltr'>principia,</span> <span class='ocrx_word' id='word_1_73' title='bbox 789 1400 906 1487; x_wconf 91' lang='lat' dir='ltr'>inque</span> <span class='ocrx_word' id='word_1_74' title='bbox 935 1421 1324 1491; x_wconf 80' lang='lat' dir='ltr'>novas-componan-</span> 
     </span>
    </p>
   </div>
   <div class='ocr_carea' id='block_1_7' title="bbox 228 1501 1407 2106">
    <p class='ocr_par' dir='ltr' id='par_1_7' title="bbox 228 1501 1325 1801">
     <span class='ocr_line' id='line_1_11' title="bbox 233 1501 1324 1596; baseline 0.003 -25"><span class='ocrx_word' id='word_1_75' title='bbox 233 1587 237 1596; x_wconf 21' lang='grc' dir='ltr'><strong><em>ι</em></strong></span> <span class='ocrx_word' id='word_1_76' title='bbox 274 1514 339 1571; x_wconf 86' lang='lat' dir='ltr'>tur</span> <span class='ocrx_word' id='word_1_77' title='bbox 357 1505 595 1570; x_wconf 79' lang='lat' dir='ltr'>substantias</span> <span class='ocrx_word' id='word_1_78' title='bbox 615 1501 666 1586; x_wconf 86' lang='lat'>(§.</span> <span class='ocrx_word' id='word_1_79' title='bbox 687 1503 776 1591; x_wconf 65' lang='lat'>78³)·</span> <span class='ocrx_word' id='word_1_80' title='bbox 820 1501 1061 1592; x_wconf 81' lang='lat' dir='ltr'>Intelligitur</span> <span class='ocrx_word' id='word_1_81' title='bbox 1087 1510 1180 1574; x_wconf 90' lang='lat' dir='ltr'>hinc</span> <span class='ocrx_word' id='word_1_82' title='bbox 1193 1551 1204 1585; x_wconf 89' lang='lat'>‚</span> <span class='ocrx_word' id='word_1_83' title='bbox 1229 1529 1324 1596; x_wconf 90' lang='lat' dir='ltr'>qua-</span> 
     </span>
     <span class='ocr_line' id='line_1_12' title="bbox 275 1599 1324 1698; baseline 0.003 -26"><span class='ocrx_word' id='word_1_84' title='bbox 275 1628 317 1673; x_wconf 88' lang='lat' dir='ltr'>re</span> <span class='ocrx_word' id='word_1_85' title='bbox 348 1609 390 1673; x_wconf 93' lang='lat' dir='ltr'>in</span> <span class='ocrx_word' id='word_1_86' title='bbox 421 1606 703 1694; x_wconf 81' lang='lat' dir='ltr'>vegetabilibus</span> <span class='ocrx_word' id='word_1_87' title='bbox 723 1599 952 1694; x_wconf 77' lang='lat' dir='ltr'>‚generatim</span> <span class='ocrx_word' id='word_1_88' title='bbox 984 1612 1232 1676; x_wconf 76' lang='lat' dir='ltr'>sorbonicum</span> <span class='ocrx_word' id='word_1_89' title='bbox 1256 1617 1324 1698; x_wconf 68' lang='lat'>⁴²),</span> 
     </span>
     <span class='ocr_line' id='line_1_13' title="bbox 228 1709 1325 1801; baseline 0 -23"><span class='ocrx_word' id='word_1_90' title='bbox 228 1777 233 1788; x_wconf 66' lang='grc'><strong>,</strong></span> <span class='ocrx_word' id='word_1_91' title='bbox 273 1719 313 1778; x_wconf 85' lang='lat' dir='ltr'>et</span> <span class='ocrx_word' id='word_1_92' title='bbox 331 1711 521 1777; x_wconf 76' lang='lat' dir='ltr'>scoticum</span> <span class='ocrx_word' id='word_1_93' title='bbox 542 1710 585 1775; x_wconf 89' lang='lat' dir='ltr'>in</span> <span class='ocrx_word' id='word_1_94' title='bbox 606 1709 845 1777; x_wconf 74' lang='lat' dir='ltr'>animalibus</span> <span class='ocrx_word' id='word_1_95' title='bbox 865 1711 1207 1796; x_wconf 79' lang='lat' dir='ltr'>praedominatur-3</span> <span class='ocrx_word' id='word_1_96' title='bbox 1230 1734 1325 1801; x_wconf 89' lang='lat' dir='ltr'>qua-</span> 
     </span>
    </p>

    <p class='ocr_par' dir='ltr' id='par_1_8' title="bbox 267 1801 1407 2106">
     <span class='ocr_line' id='line_1_14' title="bbox 274 1801 1407 1900; baseline 0 -16"><span class='ocrx_word' id='word_1_97' title='bbox 274 1841 316 1884; x_wconf 89' lang='lat' dir='ltr'>re</span> <span class='ocrx_word' id='word_1_98' title='bbox 336 1819 394 1884; x_wconf 88' lang='lat' dir='ltr'>ita</span> <span class='ocrx_word' id='word_1_99' title='bbox 415 1815 574 1881; x_wconf 81' lang='lat' dir='ltr'>differat</span> <span class='ocrx_word' id='word_1_100' title='bbox 597 1813 800 1900; x_wconf 80' lang='lat' dir='ltr'>organicae</span> <span class='ocrx_word' id='word_1_101' title='bbox 823 1816 1011 1881; x_wconf 88' lang='lat' dir='ltr'>materiae</span> <span class='ocrx_word' id='word_1_102' title='bbox 1031 1816 1072 1882; x_wconf 91' lang='lat' dir='ltr'>in</span> <span class='ocrx_word' id='word_1_103' title='bbox 1094 1819 1215 1884; x_wconf 86' lang='lat' dir='ltr'>variis</span> <span class='ocrx_word' id='word_1_104' title='bbox 1233 1837 1323 1900; x_wconf 84' lang='lat' dir='ltr'>par·</span> <span class='ocrx_word' id='word_1_105' title='bbox 1404 1801 1407 1808; x_wconf 39' lang='lat'><strong>⁴</strong></span> 
     </span>
     <span class='ocr_line' id='line_1_15' title="bbox 267 1917 1326 2010; baseline 0 -26"><span class='ocrx_word' id='word_1_106' title='bbox 267 1922 379 2010; x_wconf 80' lang='lat' dir='ltr'>,tibus</span> <span class='ocrx_word' id='word_1_107' title='bbox 398 1919 563 1994; x_wconf 80' lang='lat' dir='ltr'>mixtio,</span> <span class='ocrx_word' id='word_1_108' title='bbox 587 1917 704 1994; x_wconf 90' lang='lat' dir='ltr'>adeo,</span> <span class='ocrx_word' id='word_1_109' title='bbox 726 1924 771 1982; x_wconf 90' lang='lat' dir='ltr'>ut</span> <span class='ocrx_word' id='word_1_110' title='bbox 792 1919 1028 2006; x_wconf 78' lang='lat' dir='ltr'>oxygonium</span> <span class='ocrx_word' id='word_1_111' title='bbox 1049 1919 1136 1997; x_wconf 87' lang='lat' dir='ltr'>hic,</span> <span class='ocrx_word' id='word_1_112' title='bbox 1159 1926 1198 2007; x_wconf 86' lang='lat' dir='ltr'>et</span> <span class='ocrx_word' id='word_1_113' title='bbox 1225 1919 1326 1985; x_wconf 85' lang='lat' dir='ltr'>alibi</span> 
     </span>
     <span class='ocr_line' id='line_1_16' title="bbox 274 2021 820 2106; baseline -0.018 -15"><span class='ocrx_word' id='word_1_114' title='bbox 274 2024 561 2091; x_wconf 61' lang='lat' dir='ltr'>inflammabile</span> <span class='ocrx_word' id='word_1_115' title='bbox 579 2021 820 2106; x_wconf 83' lang='lat' dir='ltr'>praevaleat.</span> 
     </span>
    </p>
   </div>
   <div class='ocr_carea' id='block_1_8' title="bbox 306 2148 1323 2290">
    <p class='ocr_par' dir='ltr' id='par_1_9' title="bbox 306 2148 1323 2290">
     <span class='ocr_line' id='line_1_17' title="bbox 306 2148 312 2185; baseline 0 0"><span class='ocrx_word' id='word_1_116' title='bbox 306 2148 312 2185; x_wconf 81' lang='lat' dir='ltr'>i</span> 
     </span>
     <span class='ocr_line' id='line_1_18' title="bbox 355 2189 1323 2290; baseline -0.013 -18"><span class='ocrx_word' id='word_1_117' title='bbox 355 2207 513 2272; x_wconf 87' lang='lat' dir='ltr'>Duobus</span> <span class='ocrx_word' id='word_1_118' title='bbox 533 2203 594 2268; x_wconf 89' lang='lat' dir='ltr'>his</span> <span class='ocrx_word' id='word_1_119' title='bbox 624 2189 831 2288; x_wconf 87' lang='lat' dir='ltr'>principiis</span> <span class='ocrx_word' id='word_1_120' title='bbox 855 2206 1058 2289; x_wconf 83' lang='lat' dir='ltr'>proximae</span> <span class='ocrx_word' id='word_1_121' title='bbox 1088 2226 1323 2290; x_wconf 87' lang='lat' dir='ltr'>componun.</span> 
     </span>
    </p>
   </div>
   <div class='ocr_carea' id='block_1_9' title="bbox 251 2299 1324 2806">
    <p class='ocr_par' dir='ltr' id='par_1_10' title="bbox 251 2299 1324 2806">
     <span class='ocr_line' id='line_1_19' title="bbox 273 2299 1324 2394; baseline 0.003 -21"><span class='ocrx_word' id='word_1_122' title='bbox 273 2299 528 2392; x_wconf 25' lang='lat' dir='ltr'>turscdrporis</span> <span class='ocrx_word' id='word_1_123' title='bbox 545 2307 730 2371; x_wconf 86' lang='lat' dir='ltr'>animalis</span> <span class='ocrx_word' id='word_1_124' title='bbox 750 2313 900 2389; x_wconf 87' lang='lat' dir='ltr'>partes,</span> <span class='ocrx_word' id='word_1_125' title='bbox 925 2328 1021 2394; x_wconf 90' lang='lat' dir='ltr'>quae</span> <span class='ocrx_word' id='word_1_126' title='bbox 1042 2311 1153 2374; x_wconf 87' lang='lat' dir='ltr'>varia</span> <span class='ocrx_word' id='word_1_127' title='bbox 1180 2311 1324 2376; x_wconf 88' lang='lat' dir='ltr'>iterum</span> 
     </span>
     <span class='ocr_line' id='line_1_20' title="bbox 271 2411 1323 2498; baseline 0.004 -20"><span class='ocrx_word' id='word_1_128' title='bbox 271 2415 522 2498; x_wconf 84' lang='lat' dir='ltr'>proportione</span> <span class='ocrx_word' id='word_1_129' title='bbox 544 2411 808 2488; x_wconf 80' lang='lat' dir='ltr'>combinatae,</span> <span class='ocrx_word' id='word_1_130' title='bbox 830 2413 1013 2478; x_wconf 83' lang='lat' dir='ltr'>humores</span> <span class='ocrx_word' id='word_1_131' title='bbox 1035 2419 1073 2478; x_wconf 90' lang='lat' dir='ltr'>et</span> <span class='ocrx_word' id='word_1_132' title='bbox 1093 2414 1237 2492; x_wconf 89' lang='lat' dir='ltr'>solida,</span> <span class='ocrx_word' id='word_1_133' title='bbox 1262 2435 1323 2482; x_wconf 88' lang='lat' dir='ltr'>or-</span> 
     </span>
     <span class='ocr_line' id='line_1_21' title="bbox 272 2511 1320 2602; baseline 0.004 -22"><span class='ocrx_word' id='word_1_134' title='bbox 272 2535 373 2602; x_wconf 87' lang='lat' dir='ltr'>gena</span> <span class='ocrx_word' id='word_1_135' title='bbox 392 2515 504 2582; x_wconf 87' lang='lat' dir='ltr'>varia</span> <span class='ocrx_word' id='word_1_136' title='bbox 531 2522 569 2579; x_wconf 80' lang='lat' dir='ltr'>et</span> <span class='ocrx_word' id='word_1_137' title='bbox 585 2519 803 2601; x_wconf 70' lang='lat' dir='ltr'>pystemata</span> <span class='ocrx_word' id='word_1_138' title='bbox 824 2511 1018 2584; x_wconf 81' lang='lat' dir='ltr'>efficiunt·</span> <span class='ocrx_word' id='word_1_139' title='bbox 1049 2513 1205 2582; x_wconf 88' lang='lat' dir='ltr'>Polaria</span> <span class='ocrx_word' id='word_1_140' title='bbox 1224 2519 1320 2584; x_wconf 84' lang='lat' dir='ltr'>haec</span> 
     </span>
     <span class='ocr_line' id='line_1_22' title="bbox 251 2619 1322 2706; baseline 0.005 -20"><span class='ocrx_word' id='word_1_141' title='bbox 251 2643 356 2687; x_wconf 68' lang='lat' dir='ltr'>esse</span> <span class='ocrx_word' id='word_1_142' title='bbox 375 2620 594 2706; x_wconf 85' lang='lat' dir='ltr'>principia,</span> <span class='ocrx_word' id='word_1_143' title='bbox 619 2619 788 2704; x_wconf 87' lang='lat' dir='ltr'>adeoque</span> <span class='ocrx_word' id='word_1_144' title='bbox 809 2621 1045 2685; x_wconf 86' lang='lat' dir='ltr'>attractione</span> <span class='ocrx_word' id='word_1_145' title='bbox 1070 2627 1242 2690; x_wconf 88' lang='lat' dir='ltr'>maxima</span> <span class='ocrx_word' id='word_1_146' title='bbox 1273 2625 1322 2692; x_wconf 88' lang='lat' dir='ltr'>ad</span> 
     </span>
     <span class='ocr_line' id='line_1_23' title="bbox 274 2721 1268 2806; baseline 0.002 -16"><span class='ocrx_word' id='word_1_147' title='bbox 274 2724 445 2792; x_wconf 86' lang='lat' dir='ltr'>invicem</span> <span class='ocrx_word' id='word_1_148' title='bbox 463 2724 581 2804; x_wconf 81' lang='lat' dir='ltr'>ferri,</span> <span class='ocrx_word' id='word_1_149' title='bbox 594 2721 689 2789; x_wconf 55' lang='lat' dir='ltr'>&#39;loco</span> <span class='ocrx_word' id='word_1_150' title='bbox 710 2721 826 2786; x_wconf 90' lang='lat' dir='ltr'>modo</span> <span class='ocrx_word' id='word_1_151' title='bbox 847 2723 968 2806; x_wconf 84' lang='lat' dir='ltr'>citato</span> <span class='ocrx_word' id='word_1_152' title='bbox 988 2724 1067 2806; x_wconf 85' lang='lat' dir='ltr'>jam</span> <span class='ocrx_word' id='word_1_153' title='bbox 1087 2724 1268 2796; x_wconf 83' lang='lat' dir='ltr'>diximus.</span> 
     </span>
    </p>
   </div>
   <div class='ocr_carea' id='block_1_10' title="bbox 340 2885 1323 3356">
    <p class='ocr_par' dir='ltr' id='par_1_11' title="bbox 340 2885 1323 3356">
     <span class='ocr_line' id='line_1_24' title="bbox 376 2885 1322 2997; baseline 0.006 -21.11"><span class='ocrx_word' id='word_1_154' title='bbox 376 2913 410 2993; x_wconf 55' lang='lat' dir='ltr'>i</span> <span class='ocrx_word' id='word_1_155' title='bbox 429 2921 558 2995; x_wconf 74' lang='lat' dir='ltr'>Aliquae</span> <span class='ocrx_word' id='word_1_156' title='bbox 574 2885 737 2994; x_wconf 75' lang='lat' dir='ltr'>fungorum</span> <span class='ocrx_word' id='word_1_157' title='bbox 759 2921 877 2996; x_wconf 82' lang='lat' dir='ltr'>speeies</span> <span class='ocrx_word' id='word_1_158' title='bbox 900 2938 917 2976; x_wconf 91' lang='lat' dir='ltr'>e</span> <span class='ocrx_word' id='word_1_159' title='bbox 940 2919 1043 2976; x_wconf 85' lang='lat' dir='ltr'>multis</span> <span class='ocrx_word' id='word_1_160' title='bbox 1068 2925 1258 2997; x_wconf 83' lang='lat' dir='ltr'>respectibus</span> <span class='ocrx_word' id='word_1_161' title='bbox 1281 2927 1322 2982; x_wconf 82' lang='lat' dir='ltr'>sd</span> 
     </span>
     <span class='ocr_line' id='line_1_25' title="bbox 343 2995 1323 3072; baseline 0.004 -6"><span class='ocrx_word' id='word_1_162' title='bbox 343 2995 503 3068; x_wconf 69' lang='lat' dir='ltr'>animated</span> <span class='ocrx_word' id='word_1_163' title='bbox 530 3008 678 3064; x_wconf 82' lang='lat' dir='ltr'>accedunt</span> <span class='ocrx_word' id='word_1_164' title='bbox 703 3019 858 3064; x_wconf 80' lang='lat' dir='ltr'>naturam·</span> <span class='ocrx_word' id='word_1_165' title='bbox 877 3010 1000 3064; x_wconf 83' lang='lat' dir='ltr'>mittunt</span> <span class='ocrx_word' id='word_1_166' title='bbox 1028 3009 1241 3070; x_wconf 81' lang='lat' dir='ltr'>cadaverosam</span> <span class='ocrx_word' id='word_1_167' title='bbox 1261 3018 1323 3072; x_wconf 84' lang='lat' dir='ltr'>eni·</span> 
     </span>
     <span class='ocr_line' id='line_1_26' title="bbox 340 3095 1321 3178; baseline 0.004 -24"><span class='ocrx_word' id='word_1_168' title='bbox 340 3098 449 3154; x_wconf 84' lang='lat' dir='ltr'>melem</span> <span class='ocrx_word' id='word_1_169' title='bbox 464 3095 659 3172; x_wconf 85' lang='lat' dir='ltr'>mephitidem</span> <span class='ocrx_word' id='word_1_170' title='bbox 678 3113 745 3150; x_wconf 87' lang='lat' dir='ltr'>eum</span> <span class='ocrx_word' id='word_1_171' title='bbox 760 3107 957 3172; x_wconf 84' lang='lat' dir='ltr'>putrescunt·</span> <span class='ocrx_word' id='word_1_172' title='bbox 947 3137 958 3168; x_wconf 89' lang='lat'><em>,</em></span> <span class='ocrx_word' id='word_1_173' title='bbox 978 3100 1133 3156; x_wconf 81' lang='lat' dir='ltr'>continent</span> <span class='ocrx_word' id='word_1_174' title='bbox 1152 3101 1321 3178; x_wconf 82' lang='lat' dir='ltr'>lympham,</span> 
     </span>
     <span class='ocr_line' id='line_1_27' title="bbox 341 3185 1322 3262; baseline 0.001 -14"><span class='ocrx_word' id='word_1_175' title='bbox 341 3187 465 3248; x_wconf 67' lang='lat' dir='ltr'>animali</span> <span class='ocrx_word' id='word_1_176' title='bbox 489 3186 661 3262; x_wconf 87' lang='lat' dir='ltr'>principio,</span> <span class='ocrx_word' id='word_1_177' title='bbox 701 3185 764 3244; x_wconf 87' lang='lat' dir='ltr'>uod</span> <span class='ocrx_word' id='word_1_178' title='bbox 792 3187 935 3242; x_wconf 87' lang='lat' dir='ltr'>fibrosum</span> <span class='ocrx_word' id='word_1_179' title='bbox 962 3187 1091 3256; x_wconf 81' lang='lat' dir='ltr'>dicitur,</span> <span class='ocrx_word' id='word_1_180' title='bbox 1110 3190 1237 3246; x_wconf 83' lang='lat' dir='ltr'>similem</span> <span class='ocrx_word' id='word_1_181' title='bbox 1245 3211 1256 3260; x_wconf 70' lang='grc' dir='ltr'><strong><em>ς</em></strong></span> <span class='ocrx_word' id='word_1_182' title='bbox 1275 3212 1322 3249; x_wconf 89' lang='lat' dir='ltr'>oo·</span> 
     </span>
     <span class='ocr_line' id='line_1_28' title="bbox 340 3275 1323 3356; baseline 0.006 -23"><span class='ocrx_word' id='word_1_183' title='bbox 340 3279 461 3356; x_wconf 80' lang='lat' dir='ltr'>piorum</span> <span class='ocrx_word' id='word_1_184' title='bbox 491 3276 679 3350; x_wconf 82' lang='lat' dir='ltr'>largiuntur,</span> <span class='ocrx_word' id='word_1_185' title='bbox 698 3293 766 3356; x_wconf 79' lang='lat' dir='ltr'>cum</span> <span class='ocrx_word' id='word_1_186' title='bbox 798 3275 886 3332; x_wconf 83' lang='lat' dir='ltr'>acido</span> <span class='ocrx_word' id='word_1_187' title='bbox 911 3277 1022 3334; x_wconf 83' lang='lat' dir='ltr'>uitrico</span> <span class='ocrx_word' id='word_1_188' title='bbox 1049 3290 1212 3347; x_wconf 76' lang='lat' dir='ltr'>tractatae,</span> <span class='ocrx_word' id='word_1_189' title='bbox 1233 3283 1323 3339; x_wconf 79' lang='lat' dir='ltr'>eroti-</span> 
     </span>
    </p>
   </div>
   <div class='ocr_carea' id='block_1_11' title="bbox 179 3363 1324 3440">
    <p class='ocr_par' dir='ltr' id='par_1_12' title="bbox 179 3363 1324 3440">
     <span class='ocr_line' id='line_1_29' title="bbox 179 3363 1324 3440; baseline 0.005 -17"><span class='ocrx_word' id='word_1_190' title='bbox 179 3365 181 3372; x_wconf 65' lang='lat'><em>‘</em></span> <span class='ocrx_word' id='word_1_191' title='bbox 264 3429 266 3436; x_wconf 26' lang='lat'><strong><em>¹</em></strong></span> <span class='ocrx_word' id='word_1_192' title='bbox 343 3385 431 3438; x_wconf 74' lang='lat' dir='ltr'>eum3</span> <span class='ocrx_word' id='word_1_193' title='bbox 456 3367 629 3422; x_wconf 85' lang='lat' dir='ltr'>conducunt</span> <span class='ocrx_word' id='word_1_194' title='bbox 660 3363 892 3422; x_wconf 83' lang='lat' dir='ltr'>electricitetem</span> <span class='ocrx_word' id='word_1_195' title='bbox 915 3367 1109 3423; x_wconf 70' lang='lat' dir='ltr'>(iatronicen</span> <span class='ocrx_word' id='word_1_196' title='bbox 1135 3371 1262 3440; x_wconf 88' lang='lat' dir='ltr'>perinde</span> <span class='ocrx_word' id='word_1_197' title='bbox 1287 3383 1324 3430; x_wconf 85' lang='lat' dir='ltr'>ut</span> 
     </span>
    </p>
   </div>
   <div class='ocr_carea' id='block_1_12' title="bbox 270 3456 1324 4072">
    <p class='ocr_par' dir='ltr' id='par_1_13' title="bbox 340 3456 1323 3798">
     <span class='ocr_line' id='line_1_30' title="bbox 343 3456 1323 3538; baseline -0.001 -20"><span class='ocrx_word' id='word_1_198' title='bbox 343 3477 414 3518; x_wconf 78' lang='lat' dir='ltr'>cero</span> <span class='ocrx_word' id='word_1_199' title='bbox 442 3459 597 3514; x_wconf 80' lang='lat' dir='ltr'>animalis:</span> <span class='ocrx_word' id='word_1_200' title='bbox 617 3456 749 3529; x_wconf 81' lang='lat' dir='ltr'>denique</span> <span class='ocrx_word' id='word_1_201' title='bbox 781 3467 943 3516; x_wconf 83' lang='lat' dir='ltr'>vertuntur</span> <span class='ocrx_word' id='word_1_202' title='bbox 968 3459 1000 3516; x_wconf 86' lang='lat' dir='ltr'>in</span> <span class='ocrx_word' id='word_1_203' title='bbox 1032 3460 1232 3516; x_wconf 79' lang='lat' dir='ltr'>substantiam</span> <span class='ocrx_word' id='word_1_204' title='bbox 1257 3462 1323 3538; x_wconf 85' lang='lat' dir='ltr'>pin·</span> 
     </span>
     <span class='ocr_line' id='line_1_31' title="bbox 341 3543 1322 3622; baseline 0.001 -19"><span class='ocrx_word' id='word_1_205' title='bbox 341 3565 430 3622; x_wconf 72' lang='lat' dir='ltr'>guam</span> <span class='ocrx_word' id='word_1_206' title='bbox 450 3555 503 3601; x_wconf 85' lang='lat' dir='ltr'>eut</span> <span class='ocrx_word' id='word_1_207' title='bbox 518 3543 786 3618; x_wconf 80' lang='lat' dir='ltr'>adipoceraoe&#39;am‚</span> <span class='ocrx_word' id='word_1_208' title='bbox 804 3545 862 3600; x_wconf 79' lang='lat' dir='ltr'>ubi</span> <span class='ocrx_word' id='word_1_209' title='bbox 880 3545 1179 3622; x_wconf 33' lang='lat' dir='ltr'>acidis-sulphurico</span> <span class='ocrx_word' id='word_1_210' title='bbox 1202 3561 1254 3606; x_wconf 82' lang='lat' dir='ltr'>eut</span> <span class='ocrx_word' id='word_1_211' title='bbox 1278 3550 1322 3605; x_wconf 89' lang='lat' dir='ltr'>ni·</span> 
     </span>
     <span class='ocr_line' id='line_1_32' title="bbox 340 3633 1321 3710; baseline -0.003 -15"><span class='ocrx_word' id='word_1_212' title='bbox 340 3637 421 3696; x_wconf 81' lang='lat' dir='ltr'>trice</span> <span class='ocrx_word' id='word_1_213' title='bbox 438 3633 543 3692; x_wconf 86' lang='lat' dir='ltr'>dilutis</span> <span class='ocrx_word' id='word_1_214' title='bbox 559 3644 767 3700; x_wconf 70' lang='lat' dir='ltr'>neomutus,</span> <span class='ocrx_word' id='word_1_215' title='bbox 787 3634 869 3708; x_wconf 82' lang='lat' dir='ltr'>quod</span> <span class='ocrx_word' id='word_1_216' title='bbox 885 3635 983 3708; x_wconf 85' lang='lat' dir='ltr'>ipsum</span> <span class='ocrx_word' id='word_1_217' title='bbox 1001 3653 1068 3690; x_wconf 89' lang='lat' dir='ltr'>cum</span> <span class='ocrx_word' id='word_1_218' title='bbox 1093 3637 1238 3710; x_wconf 73' lang='lat' dir='ltr'>carnibus</span> <span class='ocrx_word' id='word_1_219' title='bbox 1258 3640 1321 3692; x_wconf 84' lang='lat' dir='ltr'>eni·</span> 
     </span>
     <span class='ocr_line' id='line_1_33' title="bbox 343 3722 1323 3798; baseline -0.004 -12"><span class='ocrx_word' id='word_1_220' title='bbox 343 3728 486 3792; x_wconf 80' lang='lat' dir='ltr'>melium,</span> <span class='ocrx_word' id='word_1_221' title='bbox 504 3733 539 3779; x_wconf 88' lang='lat' dir='ltr'>ut</span> <span class='ocrx_word' id='word_1_222' title='bbox 552 3739 649 3798; x_wconf 87' lang='lat' dir='ltr'>nuper</span> <span class='ocrx_word' id='word_1_223' title='bbox 672 3722 858 3780; x_wconf 83' lang='lat' dir='ltr'>Parisienses</span> <span class='ocrx_word' id='word_1_224' title='bbox 881 3723 1059 3780; x_wconf 79' lang='lat' dir='ltr'>detexerunt</span> <span class='ocrx_word' id='word_1_225' title='bbox 1081 3725 1227 3793; x_wconf 74' lang='lat' dir='ltr'>chamini,</span> <span class='ocrx_word' id='word_1_226' title='bbox 1245 3727 1323 3782; x_wconf 83' lang='lat' dir='ltr'>ecci-</span> 
     </span>
    </p>

    <p class='ocr_par' dir='ltr' id='par_1_14' title="bbox 270 3808 1324 4072">
     <span class='ocr_line' id='line_1_34' title="bbox 270 3808 1324 3895; baseline -0.009 -20"><span class='ocrx_word' id='word_1_227' title='bbox 270 3849 275 3856; x_wconf 95' lang='lat'><strong>·</strong></span> <span class='ocrx_word' id='word_1_228' title='bbox 343 3819 416 3876; x_wconf 88' lang='lat' dir='ltr'>dere</span> <span class='ocrx_word' id='word_1_229' title='bbox 433 3815 522 3873; x_wconf 76' lang='lat' dir='ltr'>solet.</span> <span class='ocrx_word' id='word_1_230' title='bbox 558 3810 789 3880; x_wconf 65' lang='lat' dir='ltr'>benedicten,</span> <span class='ocrx_word' id='word_1_231' title='bbox 809 3808 966 3886; x_wconf 85' lang='lat' dir='ltr'>quoddiu</span> <span class='ocrx_word' id='word_1_232' title='bbox 991 3821 1144 3884; x_wconf 83' lang='lat' dir='ltr'>noctuque</span> <span class='ocrx_word' id='word_1_233' title='bbox 1165 3814 1324 3895; x_wconf 72' lang='lat' dir='ltr'>irrespira-</span> 
     </span>
     <span class='ocr_line' id='line_1_35' title="bbox 342 3899 1324 3971; baseline -0.005 -7"><span class='ocrx_word' id='word_1_234' title='bbox 342 3907 421 3964; x_wconf 82' lang='lat' dir='ltr'>biles</span> <span class='ocrx_word' id='word_1_235' title='bbox 448 3903 596 3960; x_wconf 78' lang='lat' dir='ltr'>exhalent</span> <span class='ocrx_word' id='word_1_236' title='bbox 612 3905 707 3958; x_wconf 68' lang='lat' dir='ltr'>eires</span> <span class='ocrx_word' id='word_1_237' title='bbox 732 3899 1324 3971; x_wconf 74' lang='lat' dir='ltr'>(v.11umb&#39;’oldteVere.iiberd.</span> 
     </span>
     <span class='ocr_line' id='line_1_36' title="bbox 340 3983 951 4072; baseline -0.015 -18.956"><span class='ocrx_word' id='word_1_238' title='bbox 340 3983 408 4072; x_wconf 70' lang='lat' dir='ltr'>ger.</span> <span class='ocrx_word' id='word_1_239' title='bbox 423 3993 524 4057; x_wconf 82' lang='lat' dir='ltr'>Musis</span> <span class='ocrx_word' id='word_1_240' title='bbox 538 4009 571 4048; x_wconf 87' lang='grc' dir='ltr'>ιι.</span> <span class='ocrx_word' id='word_1_241' title='bbox 588 3990 951 4064; x_wconf 74' lang='lat' dir='ltr'>Nerv.1.p.171·.179.)</span> 
     </span>
    </p>
   </div>
   <div class='ocr_carea' id='block_1_13' title="bbox 0 0 1457 4996">
    <p class='ocr_par' dir='ltr' id='par_1_15' title="bbox 0 0 1457 4996">
     <span class='ocr_line' id='line_1_37' title="bbox 0 0 1457 4996; baseline 0 0"><span class='ocrx_word' id='word_1_242' title='bbox 0 0 1457 4996; x_wconf 95' lang='lat' dir='ltr'> </span> 
     </span>
    </p>
   </div>
  </div>
 </body>
</html>
