2904 5004
274 407 382 471 saer.
408 404 1034 482 1v.ursrsrrrearrvaserm;
1091 373 1102 384 ³
1131 434 1192 500 133
1271 440 1275 448 ·

143 549 322 616 necion'es
348 551 480 616 decem
500 573 642 620 novem
669 555 790 621 ferme
812 557 1094 662 apopleoticam
1121 565 1191 630 ob·

145 659 237 718 eant
255 662 421 720 mortem
442 657 503 745 h).

226 821 435 887 Peculiaris
458 829 496 887 et
512 823 673 908 propria
692 824 856 889 intimae
874 829 1106 896 arteriarum
1126 837 1188 898 tu·

140 928 254 991 nicae
274 927 325 1007 (ς.
351 933 443 1014 153.)
462 949 506 994 ea
526 933 582 992 eet
602 929 791 1004 mutatio,
814 933 970 1015 quaein
997 943 1190 1002 senectute

138 1020 473 1113 frequentissime,
495 1030 618 1094 rarius
642 1031 762 1095 etiam
789 1031 831 1096 in
851 1032 1066 1115 junioribus
1088 1039 1191 1103 indi·
1270 1057 1272 1066 ·

137 1130 269 1194 viduis
291 1134 358 1216 c),
378 1131 541 1196 accidit:
563 1134 728 1218 materia
759 1136 900 1221 quippe
930 1144 1060 1202 terrea
1081 1136 1190 1220 (calx
1277 1117 1283 1142 ‘

136 1233 423 1320 phosphorica)
455 1236 557 1300 inter
577 1236 847 1304 membranam
870 1239 1054 1306 intimam
1077 1247 1114 1306 et
1138 1243 1186 1307 fi·
1273 1309 1279 1316 ,

136 1338 296 1401 hrosam
318 1335 545 1419 deponitur,
569 1331 648 1420 qua
676 1339 844 1404 arteriae
872 1340 998 1419 major
1020 1348 1089 1406 aut
1111 1344 1186 1408 mi·

136 1460 211 1504 nor
241 1440 370 1525 portio
406 1441 641 1506 oseificatur.
676 1445 930 1520 Inveniuntur
952 1447 1026 1512 hae
1059 1446 1188 1522 incru-

137 1545 330 1608 stationee
351 1545 599 1628 potissimum
619 1551 663 1610 ut
690 1547 871 1614 lamellae
895 1549 1103 1631 discretam
1128 1550 1187 1618 ra·'

139 1652 222 1715 rius
252 1651 423 1736 cylindri
444 1650 562 1714 solidi
593 1652 719 1715 instar
745 1657 871 1716 totam
892 1653 1058 1719 arteriae
1078 1657 1185 1721 amb-

137 1763 232 1820 eunt
268 1757 553 1841 peripheriam;
573 1757 689 1822 initio
713 1753 920 1846 molliores¹
942 1764 1027 1824 esse*
1043 1761 1187 1838 solent,

138 1866 177 1923 et
198 1867 743 1952 traneauotnonnunquame
769 1863 1024 1952 cartilaginea
1051 1867 1185 1930 indole

138 1963 182 2028 in
205 1985 362 2040 osseam.
395 1967 460 2030 Est
480 1970 612 2029 autem
639 1971 812 2031 crustosa
838 1967 935 2034 haee
964 1969 1187 2034 substantia

139 2067 251 2131 tenui
280 2068 444 2133 intimae
471 2071 626 2134 tunicae
654 2071 800 2154 pagina
832 2091 854 2136 a
883 2072 1184 2157 sanguine,per
1246 2062 1250 2071 ’

135 2172 323 2236 arteriam
342 2170 505 2246 fluente,
526 2191 676 2255 semper
697 2171 1023 2255 separata,doneo
1047 2174 1184 2238 lamel-

133 2273 196 2336 lae
214 2270 356 2347 durae,
374 2271 617 2358 inaequales,
639 2279 707 2354 aut
728 2274 974 2338 acuminatas
995 2273 1182 2358 paginam

136 2395 223 2439 eam
253 2396 329 2440 uno
363 2381 431 2438 aut
461 2375 639 2458 pluribus
673 2377 768 2440 locis
803 2376 1062 2460 disrumpant.
1111 2377 1184 2444 Ubi

135 2477 328 2543 terrestris
348 2479 443 2542 haec
463 2457 643 2540 mat'er'ies
665 2477 836 2542 nimium
855 2478 1096 2554 cumulatur,
1121 2499 1183 2544 ar-

135 2581 258 2645 teriae
278 2579 447 2643 adfectae
461 2579 589 2662 portio
610 2580 777 2672 multum¹
798 2587 913 2665 saepe
934 2579 1182 2664 incrassatum

133 2678 289 2743 amittit
310 2699 423 2762 saepe
443 2679 609 2764 figuram
632 2679 1097 2766 cylindricam2r'edditur
1118 2690 1180 2747 tu-

132 2783 224 2846 nice
253 2781 398 2844 fibrosa
427 2780 648 2858 friabilior,
680 2783 876 2866 rumpitur
905 2791 944 2850 et
969 2791 1181 2850 nascuntur

132 2884 419 2962 anevrismata,
437 2885 498 2949 vel
517 2890 633 2970 rupta
662 2886 784 2950 etiam
807 2887 1033 2953 membrana
1063 2889 1181 2952 cellu-

131 2989 238 3064 losa,
263 2989 585 3073 haemorrhagiae
608 2990 770 3056 lethales
792 2991 1072 3079 superveniunt
1099 2990 1159 3074 d).

216 3148 325 3232 Quod
354 3147 676 3240 reproductivaml
696 3145 930 3212 arteriarum
951 3149 1048 3214 facit
1067 3151 1177 3228 vim,
1271 3149 1277 3154 ’

130 3254 227 3318 haec
264 3252 473 3316 manifesta
513 3252 638 3315 estin
675 3251 1079 3329 inflammationibus,
1110 3254 1179 3320 ubi

132 3357 291 3420 vascula
311 3372 412 3420 nova
442 3361 676 3439 generantur
705 3352 765 3439 (§,
792 3370 861 3434 117.
877 3357 918 3439 );
947 3355 1178 3440 elongantur

130 3481 226 3525 vasa
265 3459 600 3526 inflammatarum
633 3457 804 3542 partium
843 3458 885 3522 in
922 3457 1023 3540 ipsas
1057 3460 1177 3528 etiam

83 3591 86 3596 ·
128 3559 520 3644 pseudomembranas
550 3559 569 3643 (
583 3569 614 3636 t.
649 3569 718 3634 108·
734 3564 773 3644 );
795 3561 836 3623 in
867 3559 1109 3635 tumoribus,
1132 3559 1175 3624 in

128 3684 268 3730 cancro
280 3708 293 3741 ,
315 3666 356 3729 id
388 3665 518 3748 fungis
531 3708 543 3742 ,
564 3663 607 3728 in
637 3664 751 3748 spina
778 3667 962 3736 ventosa,
984 3661 1026 3734 in
1047 3669 1174 3728 osteor

128 3778 347 3835 sarcomate
370 3774 439 3832 etc.
453 3768 619 3834 arteriae
642 3789 753 3852 saepe
773 3757 982 3835 admodum
1003 3768 1172 3833 dilatan-

128 3882 218 3953 tur,
243 3881 282 3938 et
312 3876 494 3940 accidunt
515 3885 712 3938 ramorum
735 3877 917 3960 ¹tenuium
947 3873 1171 3966 ampliatio.-

128 3999 219 4055 nes,
248 3979 317 4044 ubi
347 3979 579 4064 principalis
614 3978 931 4062 quidamramua
959 3976 1173 4061 impervius

128 4083 304 4151 redditur
325 4079 413 4158 „ut
440 4083 481 4146 in
518 4081 844 4153 anevriematibus
878 4080 1083 4166 deligatis,
1111 4081 1176 4144 vel

128 4211 196 4254 sua
216 4193 352 4272 sponte
374 4187 527 4266 coalitis
549 4185 754 4259 cernimus.
786 4187 1000 4253 Celluloeae
1028 4180 1169 4249 artariss¹
1279 4241 1284 4258 ,

128 4313 239 4360 arum
267 4281 423 4360 tunicae
453 4295 617 4358 vulnera
644 4273 760 4358 facile
792 4283 1046 4370 muniuntur,
1064 4285 1171 4356 diffie
1263 4281 1265 4286 ’
