2904 5004
294 429 354 497 154
375 415 462 479 Lm.
478 415 523 490 Π.
539 415 628 475 cnr.
650 413 695 475 ΙΙ.
708 411 766 477 Dr
785 425 871 476 eur.
893 429 988 481 son.
1003 429 1114 480 conr.
1127 430 1296 481 srsrru.

288 559 367 642 jem
390 561 516 622 minus
539 557 653 620 lineis
678 551 848 644 quinque
867 558 1074 632 metiatur,
1095 563 1134 621 st
1151 537 1222 622 sub
1250 560 1335 644 ipso

221 734 223 738 ¹
292 683 360 740 suo
390 641 545 727 decursu
574 660 756 742 plurimis
789 661 885 724 locis
915 663 1124 744 amplietur
1147 669 1184 728 et
1218 685 1333 728 coan-

280 773 475 852 ‹gustetun
507 767 780 854 ¹Proficiscitu‘r
810 766 848 828 id
882 767 1196 847 conceptaculum
1224 769 1334 848 juxta

291 876 525 946 columnam,
553 874 820 936 vertebrarum
861 871 966 934 intra
1000 892 1111 936 crura
1153 871 1339 956 diaphra-

289 981 432 1069 gmatis
467 977 616 1051 media,
642 977 858 1060 ingreditur
881 977 1053 1039 thoracis
1084 997 1244 1053 cavum,
1267 978 1338 1042 ubi

289 1079 427 1140 dextra
458 1097 573 1159 penes
609 1084 758 1142 aortam
791 1076 839 1140 ad
874 1081 1052 1160 quartam
1080 1079 1142 1139 vel
1183 1084 1333 1141 sextam

288 1178 392 1243 dorsi
421 1180 639 1242 vertebram
678 1173 883 1263 adsurgit;
918 1177 1186 1242 sinistrorsum
1216 1181 1332 1244 modo

289 1283 436 1366 vergit,
452 1283 649 1346 adscendit
669 1289 755 1366 post
775 1303 905 1346 arcum
929 1289 1058 1346 aortae
1079 1303 1195 1368 usque
1216 1285 1335 1367 septi-

289 1407 394 1450 mam
436 1388 525 1449 colli
556 1389 797 1462 vertebram,
829 1407 927 1469 pone
955 1386 1155 1450 sinistram
1181 1388 1332 1470 jugula-

287 1511 371 1556 rem
392 1507 555 1552 venam:
576 1489 740 1574 denique
764 1495 982 1558 antrorsum
1006 1495 1044 1552 et
1065 1488 1240 1552 deorsum
1262 1489 1331 1554 fle·

194 1619 196 1628 ’
289 1595 431 1671 ct'itur,
459 1615 591 1662 arcum
625 1592 1147 1678 plurimum-describendo,
1175 1595 1241 1679 qui
1280 1597 1332 1659 ad

288 1717 407 1766 unum
433 1699 554 1763 ferme
582 1698 761 1781 pollicem
795 1681 1013 1776 delabitur,
1043 1699 1329 1782 ampliatusque

288 1799 330 1864 iu
350 1821 535 1866 venosum
556 1802 803 1885 immergitur
824 1807 1017 1884 systema,
1038 1822 1080 1864 eo
1102 1803 1240 1887 quippe
1262 1822 1332 1866 an·

287 1902 398 1986 gulo,
424 1904 533 1989 quie
555 1919 739 1965 concursu
770 1923 888 1970 venae
917 1903 1102 1986 juguleris
1125 1907 1161 1964 et
1181 1902 1333 1964 subcla-

260 2005 375 2070 '·viae
397 2006 551 2072 sinistri
573 2007 706 2070 lateris
740 2007 884 2082 oritur,
905 2008 1062 2076 vulvula
1093 2005 1239 2088 duplici
1253 2005 1328 2069 in·

287 2113 453 2174 structus
477 2110 537 2195 b).
562 2108 644 2176 Nou
665 2115 796 2172 tamen
826 2110 884 2172 ita
903 2130 942 2171 se
969 2110 1116 2174 habent
1149 2109 1326 2172 decursus

288 2214 326 2276 et
349 2210 508 2272 insertio
531 2209 665 2272 ductus
686 2211 878 2283 thoracici
899 2212 941 2278 in
970 2210 1076 2274 omni
1102 2209 1328 2278 individuo:

288 2314 433 2376 etenim
455 2313 498 2382 iu
521 2312 615 2390 ¹duos
640 2333 752 2396 saepe
782 2319 850 2377 aut
870 2316 998 2398 plures
1027 2315 1189 2386 finditur
1217 2321 1328 2382 trun·

289 2436 348 2478 cos
360 2457 371 2491 ‚
396 2416 462 2502 qui
484 2417 652 2481 formata
674 2438 750 2480 una
780 2425 846 2502 aut
876 2420 1049 2502 pluribus
1083 2422 1202 2484 etiam
1222 2420 1329 2484 insu·

288 2519 359 2598 lis,
381 2538 511 2582 rursus
530 2521 742 2597 uniuntur3
764 2521 827 2583 vel
860 2520 1005 2602 duplex'
1026 2529 1225 2605 permanet
1257 2523 1327 2586 du-

288 2627 396 2697 ctus,
420 2621 485 2703 qui
505 2621 613 2684 ostiis
631 2623 751 2712 'binis
780 2623 822 2685 in
852 2645 992 2688 venam
1018 2625 1235 2708 iugularem
1265 2626 1328 2688 in·

288 2733 438 2788 ternam
461 2719 669 2806 nler'git'ur3
691 2726 754 2787 vel
787 2725 930 2790 desinit
950 2729 1067 2808 paulo
1097 2729 1241 2803 altius,
1262 2750 1329 2790 ve-

288 2847 360 2890 nae
380 2828 549 2912 jugulari
573 2828 815 2908 insinuatus,
839 2837 904 2894 aut
921 2830 1016 2894 alias
1032 2833 1147 2914 plane
1170 2808 1330 2900 exhibet

287 2930 497 2995 varietates
519 2933 568 3017 e).
615 2919 617 2925 Α
1101 2939 1105 2950 ’

368 3057 395 3118 Ε
428 3055 606 3118 confluxu
635 3074 816 3120 vasorum
854 3055 1143 3120 absorbentium
1172 3059 1328 3141 hepatis

288 3158 436 3233 dextri,
469 3159 800 3242 diaphragmatis‚
825 3159 1043 3240 pulmonis,
1067 3162 1325 3224 extremitatis

287 3263 496 3346 superioris
521 3264 690 3348 ejusdem
713 3262 846 3330 lateris
856 3255 1004 3344 {partis
1035 3261 1190 3325 dextrae
1220 3265 1326 3346 capi·

285 3365 357 3439 tis,
379 3367 493 3429 faciei
516 3366 669 3429 eteo'lli
692 3365 870 3428 ductus
893 3365 1195 3429 thoracicus
1219 3366 1325 3430 dex-

287 3475 367 3532 ter
389 3469 534 3541 oritur‚
557 3468 622 3551 qui
641 3467 998 3552 quinquagesimam
1019 3467 1170 3530 sinistri
1189 3467 1324 3534 ductus

285 3573 437 3649 partem
454 3567 495 3630 in
519 3569 761 3652 longitudine
783 3571 849 3632 vix
870 3575 1030 3654 aequat,
1053 3575 1090 3632 et
1121 3569 1162 3633 in
1184 3591 1324 3637 venam

285 3673 525 3738 subclaviam
545 3673 717 3741 dextram
734 3675 965 3740 insinuatur.
989 3678 1032 3738 In
1049 3676 1244 3740 nonnullis
1265 3677 1325 3740 in·

203 3776 211 3792 “
288 3775 458 3841 dividuis
490 3761 622 3842 ductus
666 3781 738 3843 iste
777 3780 819 3842 in
855 3779 948 3842 duos
979 3778 1141 3842 finditur
1171 3799 1324 3856 ramos,

287 3895 450 3964 quorum
469 3901 566 3945 unus
587 3882 895 3959 subclaviam,et
907 3883 1005 3946 alter
1026 3882 1240 3968 iugularem
1261 3883 1323 3946 iu·

287 3989 367 4052 trat
386 4006 525 4050 venam
549 3987 607 4070 d).

334 4147 337 4155 ,
369 4113 427 4176 An
446 4118 575 4182 autem
597 4111 729 4178 omnia
747 4110 868 4174 totius
892 4109 1060 4192 corporis
1079 4129 1173 4172 vasa
1192 4086 1325 4170 absor-

285 4214 421 4282 bentia
442 4215 484 4280 in
509 4214 720 4296 descriptos
753 4214 894 4280 abeant
920 4212 1079 4294 ductus,
1111 4210 1208 4276 alibi
1231 4211 1323 4276 dili·

196 4355 199 4364 *
282 4317 435 4403 gentius
457 4315 726 4404 disquiremus.
