2904 5004
295 389 354 454 108
376 375 749 446 metuerentur
770 389 855 441 ern.
878 391 977 442 nou.
992 391 1101 442 corr.
1119 390 1292 447 srsrrrr.

287 525 553 598 uocalescunt,
574 529 617 586 ut
636 522 679 586 in
702 520 880 584 manibus
908 521 1196 615 operariorum,
1218 525 1335 610 inque

169 677 173 686 .
284 628 471 714 pedibus,
495 627 625 732 calceo¹
651 625 746 690 duro
782 630 819 688 et
848 631 1012 708 angusto
1042 629 1192 692 attritis
1219 626 1331 692 vide·

285 751 396 812 mus3
416 734 632 809 numerosis
653 731 757 803 enim
781 732 942 796 laminis
962 733 1128 797 callosae
1155 734 1229 798 hae
1254 733 1336 816 epi·

260 819 262 830 ¹
284 837 467 903 dermidie
484 835 738 922 portionee(c
752 836 764 898 l
776 835 858 900 avi
880 837 1006 920 pedu
1019 840 1080 923 m)
1096 837 1337 921 componun·

280 947 369 1019 tur,
387 931 492 1007 arcte
514 940 590 1004 sibi
610 939 919 1003 cohaerentibus.
957 940 1119 1004 Vascula
1138 943 1337 1036 sanguise·

283 1067 326 1111 ra
349 1051 416 1120 aut
439 1043 684 1131 lymphatica
705 1043 746 1108 in
771 1045 943 1108 cuticula
970 1062 1083 1109 nemo
1116 1045 1241 1110 e'dhuc
1274 1047 1337 1110 in·

282 1150 417 1226 venit,
439 1169 509 1212 nec
531 1148 607 1212 ulli
630 1147 672 1210 in
699 1139 742 1210 ea
773 1147 944 1214 existunt
971 1151 1104 1228 nervi;
1126 1151 1234 1218 nullo
1259 1151 1338 1234 igi·

283 1259 350 1334 tur
368 1252 509 1336 gaudet
532 1270 671 1326 sensu,
690 1231 761 1314 riec
786 1251 955 1335 ipseper
979 1275 1017 1316 se
1046 1251 1331 1319 inflammatur.

284 1355 522 1423 Destituitur
551 1356 626 1418 hoc
649 1359 803 1438 tegmen
819 1359 943 1418 'textu
966 1344 1114 1444 quoque
1147 1357 1331 1422 celluloso

283 1460 477 1538 et-fihris3
504 1459 593 1524 inde
615 1460 838 1544 igiturest,
862 1461 962 1548 quod
983 1427 1151 1544 papiitas
1176 1483 1337 1527 carneas

284 1563 482 1658 nunquam
513 1570 628 1647 agat,
647 1563 769 1627 facile
793 1562 914 1628 etiam
942 1565 1154 1643 laceretur,
1176 1572 1213 1630 et
1247 1565 1336 1654 qui-

194 1756 201 1762 ι
284 1667 372 1732 dem
396 1666 551 1758 laciniis
573 1666 864 1751 irregularibus.

366 1807 536 1892 albescit
556 1827 724 1892 cuticula
745 1834 783 1892 et
802 1827 932 1912 agitur
966 1828 1008 1894 in
1039 1807 1173 1914 rugas,
1195 1831 1336 1898 simul·

286 1952 358 2018 que
388 1953 522 1996 sensus
548 1933 645 1997 cutis
683 1955 752 2018 pro
785 1935 958 2019 tempore
993 1935 1242 2012 obtunditur,
1265 1940 1337 2004 ubi

210 2019 214 2030 ⁵
284 2037 455 2120 eorporis
475 2042 603 2121 partes
621 2036 798 2122 longiore
818 2041 993 2124 tempore
1013 2057 1113 2124 aqua
1131 2029 1334 2106 maceran-

210 2129 214 2140 ’
280 2147 356 2207 tur.
380 2141 563 2224 Separata
582 2146 706 2206 acute
730 2141 935 2227 epidermis
960 2146 1216 2212 macerationi
1247 2149 1336 2213 diu·

284 2243 434 2309 tissime
453 2241 619 2317 resistit,
642 2247 719 2307 non
745 2250 1001 2329 corrugatur,
1025 2247 1250 2323 emollitur,
1279 2250 1338 2312 al·

283 2349 428 2425 bescit;
446 2349 591 2411 siccata
629 2368 727 2411 vero.
749 2347 959 2430 pristinam
988 2356 1190 2433 recuperat
1222 2349 1336 2416 indo·

282 2449 372 2518 lem.
405 2451 585 2515 coctione
619 2451 819 2516 emollitur
849 2453 1001 2533 solum,
1023 2427 1198 2518 redditur
1224 2459 1336 2518 tene·

284 2555 388 2630 rior,
420 2573 499 2616 non
533 2551 665 2619 tamen
697 2556 737 2621 in
765 2556 981 2640 gelatinam
1008 2557 1239 2634 resolvitur,
1265 2575 1335 2622 nec

285 2665 531 2746 corrugatum
550 2659 700 2732 resistit
721 2659 925 2745 putredini
956 2680 1022 2744 per
1054 2662 1212 2746 longum
1233 2666 1335 2725 tem-

282 2766 518 2858 pus,estque
540 2765 747 2850 epidermis
769 2761 944 2831 omnium
964 2765 1235 2849 organicorum
1250 2785 1334 2831 cor·

281 2887 445 2954 porum,
466 2873 509 2932 ut
542 2869 878 2954 Spellanzanianis
911 2873 1062 2932 constat
1092 2867 1334 2952 experimen·

279 2974 354 3047 tis,
375 2973 592 3036 ventriculo
624 2972 732 3036 nullo
761 2971 876 3036 modo
901 2969 1152 3056 digestibilis.
1184 2971 1337 3036 siccata

284 3077 335 3142 ad
366 3071 550 3142 candelae
585 3076 696 3142 ardet
728 3077 961 3152 flammam,
994 3076 1144 3160 spargit
1173 3075 1334 3140 odorem

281 3179 675 3267 empyreumaticum,
695 3185 746 3254 ut
763 3179 836 3264 pili
850 3181 978 3244 solent
999 3183 1037 3243 et
1059 3193 1202 3262 ungues
1227 3179 1336 3242 amb-

280 3283 358 3376 usti
372 3324 382 3360 ,
406 3288 456 3348 xet
483 3282 671 3368 relinquit
701 3284 907 3349 carbonem
936 3282 1103 3367 nigrum.
1120 3283 1336 3348 ¹Alcalibus

283 3387 469 3453 causticis
501 3387 614 3469 plene
650 3386 839 3465 solvitur;
861 3386 970 3466 acido
991 3387 1083 3450 salis
1104 3391 1141 3451 et
1174 3385 1337 3470 sulphu-

279 3479 359 3554 r'ico
382 3475 448 3554 diu
470 3489 644 3567 resistit,
660 3485 814 3554 acidum
837 3490 1021 3554 uitricum
1041 3490 1254 3569 flavum‚et
1274 3489 1338 3553 ni-

283 3603 364 3660 tras
396 3594 548 3679 argenti
579 3595 735 3678 nigrum
767 3594 955 3661 cuticulae
984 3597 1026 3659 in
1058 3615 1215 3678 corpore
1244 3595 1335 3660 vivo

279 3697 470 3763 inducunt
486 3699 652 3763 colorem
664 3743 674 3777 ,
687 3698 789 3784 quod
811 3699 967 3784 quidem
988 3700 1030 3765 in
1053 3718 1208 3783 corpore
1228 3717 1335 3763 mor-

280 3806 350 3867 tuo
370 3799 476 3867 haud
505 3807 708 3884 praestant
737 3799 789 3885 u).
821 3801 1177 3868 Contrectilitatem
1195 3808 1336 3868 textu-

214 3947 218 3956 ·
278 3921 345 3966 rae
379 3901 529 3965 nullam
559 3895 754 3986 possidet,
782 3922 852 3966 nec
882 3905 1112 3991 multumuse
1140 3902 1237 3969 sinit
1268 3923 1334 3970 ex·

279 3989 422 4088 pandi,
445 4004 553 4070 utin
577 4005 714 4072 vesicis
745 4005 957 4116 eius'saepe
976 4003 1166 4076 videmus.
1191 4081 1195 4112 Ι

361 4166 574 4231 Voluerunt
594 4153 775 4231 nonnulli
799 4166 990 4230 cuticulae
1010 4166 1261 4251 organicam,
1277 4167 1328 4232 ob

277 4269 461 4340 adductas
486 4271 610 4337 modo'
623 4271 906 4356 proprietates,
920 4269 1108 4354 denegare
1134 4275 1332 4352 naturam3
1442 4261 1443 4340 l
