2902 4996
235 388 350 470 seor.
369 383 506 468 111.Ds
528 394 640 448 sexus
669 395 719 448 sr
740 389 915 470 siricis
937 403 1095 456 urerer.
1114 386 1198 473 -ςμςι4

155 532 347 605 mulieres,
359 533 572 616 plurimum
591 530 790 596 adcedunt.
813 532 924 619 Viget
940 533 1061 618 igitur
1079 533 1208 600 nimia
1234 605 1237 616 ,
1290 537 1292 542 ’

157 636 395 704 sensibilitas
414 642 467 700 -st
496 656 705 702 nervorum
733 638 932 703 mobilitas
963 657 1051 702 cum
1079 638 1206 720 impo-

157 747 265 832 tente
287 740 498 816 reactionis
522 739 563 805 vi
593 739 818 826 conjunctae
846 743 976 824 pulsus
1006 740 1136 804 cordis
1168 743 1207 806 et

156 847 393 911 arteriarum
409 845 609 928 frequens,
621 843 759 910 debilis
773 867 783 924 3
796 827 1206 930 respiratio-'frequens

160 949 562 1032 tior„,imperfecta;
594 950 721 1015 minor
762 951 964 1034 sanguinis
997 951 1205 1034 oxydatio,
1265 941 1267 946 ’
1318 947 1319 954 '

158 1057 289 1121 minor
309 1047 433 1140 partis
452 1039 592 1122 rubrae
615 1062 653 1119 et
672 1053 1057 1140 fibrosaesquantitas
1069 1094 1079 1126 ‚
1092 1058 1207 1138 atque

159 1164 288 1228 minor
305 1163 433 1226 nativi
457 1160 596 1226 caloris
614 1159 766 1252 gradus.
790 1157 1048 1242 Reproductio
1063 1176 1209 1240 eapro-

157 1268 260 1332 cedit
281 1269 510 1345 ratione,ut
528 1268 687 1350 paucior
708 1266 895 1329 materiae
909 1266 960 1328 sit
983 1265 1206 1328 eliminatis

159 1389 274 1456 quam
285 1371 480 1436 adsumtio
491 1412 502 1447 ,
514 1369 614 1432 unde
624 1369 781 1432 uberior
795 1367 1043 1452 pinguedinis
1057 1353 1208 1450 deposi-

155 1471 237 1550 tio,
250 1475 318 1539 nec
335 1479 501 1539 tanta'ac
514 1473 555 1537 in
571 1491 664 1536 sexu
675 1455 786 1536 virili
795 1471 979 1548 ,alimenti
994 1465 1203 1534 necessitas

157 1573 217 1660 e).
239 1559 434 1638 Accedunt
457 1569 629 1658 partium
659 1573 891 1658 genitalium
923 1569 1147 1635 differentia
1170 1572 1210 1630 et

157 1677 379 1758 functiones
416 1678 617 1751 ceruales,
641 1694 737 1761 quas
766 1675 813 1740 ob
842 1673 1078 1757 singularem
1117 1689 1204 1736 oum

70 1787 72 1792 ’
157 1779 278 1844 variis
302 1779 456 1862 organis
476 1778 741 1864 sympathiam
754 1775 806 1862 (t.
821 1774 917 1862 aar.)
937 1771 1099 1837 vitalem
1120 1791 1209 1854 pro-

86 1894 91 1902 '
158 1901 304 1946 cessum
325 1873 516 1965 peculiari
537 1877 766 1946 modificant
790 1878 915 1943 modo,
939 1874 1115 1939 Nervosis
1141 1873 1209 1936 ad·

155 1977 394 2070 factionibus¹
416 1985 622 2072 praecipue
645 1977 845 2052 diuexatur
869 2002 976 2046 sexus
999 1980 1207 2065 femineus,

156 2097 287 2174 estque
324 2089 441 2172 longa
472 2090 699 2153 morborum
734 2088 873 2160 series,
896 2087 957 2149 cui
980 2103 1097 2168 genus
1123 2102 1207 2146 mu-

158 2183 280 2250 liebre
303 2187 512 2253 obnoxium
535 2197 604 2256 est.
627 2191 754 2256 Morbi
778 2190 883 2254 acuti
905 2186 1031 2254 minus
1057 2185 1208 2269 regula·

157 2307 239 2378 tem
274 2282 480 2361 observant
510 2300 671 2382 typum,
695 2291 935 2386 tenduntque
970 2289 1134 2381 plurimi
1164 2289 1207 2352 in

77 2441 83 2454 .
156 2391 358 2458 chronicas
388 2387 641 2470 adfectiones.
688 2397 743 2462 Ob
778 2391 1070 2480 praevalentem
1113 2409 1247 2484 5³¹²·-

153 2495 272 2577 gliosi
290 2498 510 2580 systematis
525 2495 761 2586 energiam,
783 2497 1033 2582 magnetismi
1055 2497 1206 2560 anima-

108 2645 110 2650 .
151 2599 214 2668 iis.
236 2601 506 2684 phaenomena
535 2605 660 2668 multe
698 2603 940 2690 frequentius
970 2601 1012 2665 in
1042 2599 1202 2664 feminis
1278 2697 1281 2702 Ι
1319 2697 1321 2703 V

154 2708 395 2788 evolvuntur
415 2727 530 2794 quam
553 2707 595 2770 in
615 2706 712 2776 viris
737 2706 799 2791 b).

238 2830 348 2912 Quod
374 2811 598 2918 psychicum
617 2837 655 2896 et
674 2801 863 2895 moralem
886 2831 983 2893 facit
1004 2835 1205 2907 naturam,

157 2927 252 2994 haec
270 2932 381 2996 varia
411 2932 590 3008 omnino,
611 2952 679 3016 pro
707 2932 858 2995 ratione
880 2931 1204 3012 temperamenti,
1229 2929 1231 2932 ’

155 3033 468 3110 constitutionis,
491 3035 613 3098 vitae·
622 3033 796 3117 generis,
817 3030 1057 3096 educationis
1081 3039 1119 3096 et
1142 3036 1203 3096 in·
1225 3063 1227 3070 ¹

155 3132 375 3198 stitutionis
397 3154 476 3196 essa
509 3139 620 3202 solet.
652 3135 876 3212 Generatim
906 3153 998 3196 vero
1020 3135 1202 3199 observa·

155 3243 241 3313 tur,
260 3239 465 3316 facultates
484 3241 768 3307 intellectuales
783 3241 1034 3306 ·intensiores
1064 3259 1141 3305 esse
1160 3242 1204 3308 ln

154 3362 247 3440 sexu
270 3343 377 3409 virili
400 3367 514 3432 quam
527 3349 568 3414 in
590 3349 984 3438 muliebrireminent
1003 3347 1044 3412 in
1057 3347 1128 3412 illo
1149 3349 1207 3432 ju·

152 3445 321 3525 dicium,
334 3451 435 3515 ratio
453 3458 491 3516 et
508 3447 664 3538 quaevis
684 3451 841 3530 altiores
859 3453 1089 3531 facultates}
1110 3471 1204 3537 gau-

152 3545 247 3618 dent
269 3574 357 3620 vero
374 3557 548 3624 ¹feminae
569 3558 794 3643 ingemeret
816 3559 956 3646 mobili
977 3560 1206 3643 phantasias·

153 3653 260 3744 deest
279 3662 412 3722 tamen
441 3680 485 3756 ea
517 3660 682 3726 facultas
695 3705 713 3739 „
731 3681 827 3747 quae
859 3680 930 3744 pro
953 3663 1201 3747 gravioribus

154 3762 297 3832 mlentis
330 3765 548 3850 requiritur
578 3767 782 3832 laboribus
798 3767 960 3834 vretior
973 3769 1205 3846 sublimior,

144 3863 340 3948 judicium
361 3866 519 3932 firmum
539 3875 577 3934 et
599 3871 871 3936 abstractionis
892 3877 1077 3954 potestas
1111 3869 1204 3964 Ani

152 3985 237 4030 mus
264 3969 306 4031 in
326 3969 414 4045 viro
439 3974 654 4056 generatim
675 3975 980 4060 firmior,atque
998 3949 1205 4046 variabilis

155 4074 200 4139 in
223 4075 385 4142 muliere
414 4099 493 4144 esse
523 4080 643 4157 solet3
666 4081 838 4166 vigent
826 4105 867 4148 m
901 4083 972 4147 illo
1003 4078 1203 4167 adfectus,

146 4179 247 4244 haec
281 4180 528 4262 passionibus
567 4175 744 4270 regitur:
774 4185 1059 4271 impatientia,
1085 4201 1200 4290 saepe

154 4285 393 4364 crudelitas,
416 4287 766 4370 immisericordia,
795 4293 943 4375 gloriae
984 4278 1201 4376 cupiditas,

148 4407 259 4456 amor
278 4392 452 4474 patriae,
480 4398 519 4456 et
549 4393 676 4458 virtus
696 4395 885 4460 bellicosa
907 4395 1036 4462 virum
1049 4398 1200 4478 satque
