2920 4998
290 417 461 488 storev.
485 417 545 484 Da
570 429 808 484 srsrannrr
828 431 1025 486 nervoso.
1137 427 1195 500 189

228 567 272 652 4)
299 563 480 629 Piexus
510 564 724 648 pelveoe
755 562 988 647 productum
1021 569 1079 630 eet
1112 567 1197 650 ple·
1244 639 1252 650 „

144 689 263 736 xuum
294 668 633 758 mesentericorum
652 669 874 752 ⁴superioris
902 673 940 733 et
972 669 1195 751 inferior-iu

144 772 297 839 locatur
327 773 370 837 in
401 771 598 854 superiore
635 774 673 834 et
710 768 839 834 media
865 771 1019 855 pelveos
1060 780 1196 856 parte,

142 877 328 962 utrinque
358 873 407 940 ad
439 879 596 938 rectum·
615 871 868 948 intestinum,
890 871 1004 938 unico
1039 877 1198 960 potissi-

144 999 252 1046 mum
283 978 461 1066 ganglio,
483 976 669 1044 radiatim
694 976 843 1052 cincto,
875 979 1110 1058 instructum
1135 981 1199 1044 in·
1259 1039 1266 1058 ,

143 1086 290 1170 texitur
312 1080 463 1148 arteriis
495 1075 659 1156 vicinis,
685 1099 770 1145 cum
792 1081 931 1166 quibus
965 1081 1013 1146 ad
1041 1082 1198 1148 intesti-

143 1193 240 1250 num
271 1190 418 1247 rectum
431 1223 442 1258 ‚
465 1182 513 1246 ad
542 1181 711 1246 vaticam
735 1182 953 1248 urinariam
976 1189 1015 1250 et
1041 1185 1192 1250 vesicu-

145 1289 203 1352 lae
238 1286 514 1370 spermaticas,
535 1285 576 1348 in
607 1285 760 1350 'femina
789 1307 880 1352 vero
914 1288 963 1353 ad
983 1293 1197 1356 uterumet

148 1389 335 1474 vaginam
354 1393 548 1472 proporat.
660 1376 662 1384 ’
831 1387 841 1405 “

229 1560 272 1644 5)
292 1554 474 1618 Flexos
502 1553 703 1617 renales
726 1552 907 1639 utrinque
929 1555 977 1620 ad
999 1558 1194 1643 originem

144 1660 311 1732 arteriae
330 1657 476 1723 renalie
501 1677 545 1722 ex
572 1661 684 1722 aorta
712 1657 915 1733 collocati,
931 1660 1095 1746 cingunt
1117 1667 1197 1738 σαεξ

147 1769 186 1830 at
208 1765 351 1828 abeunt
368 1761 533 1826 reticula
561 1779 693 1830 eorum
720 1780 807 1825 cum
839 1764 1040 1830 arteriasis
1073 1769 1196 1834 ramis

144 1869 188 1934 in
221 1886 358 1947 renum
396 1863 667 1930 substantiam.
705 1863 922 1950 iunguntur
955 1887 1043 1932 cum
1077 1871 1196 1953 plexu

130 1972 337 2056 coeliaco,
359 1989 446 2033 cum
466 1966 733 2032 mesentericis
754 1969 950 2052 superiore
969 1977 1008 2036 et
1032 1973 1196 2038 inferio·

141 2095 215 2150 re,
244 2091 329 2137 cum
367 2071 627 2158 spermatico,
655 2089 740 2134 cum
772 2092 890 2142 nervo
920 2075 1197 2158 eplanchnico,

145 2195 309 2263 cumque
337 2172 598 2260 superioribus
619 2193 753 2238 renum
773 2177 916 2241 nervis.
1108 2151 1114 2172 ⁶

130 2391 135 2398 .
229 2337 271 2428 6)
305 2337 485 2402 Plexus
517 2337 862 2422 spermaticus
898 2342 1092 2425 appendix
1115 2346 1195 2409 fer·

144 2459 206 2506 me
242 2445 300 2504 est
330 2439 554 2513 renalium,
586 2439 809 2521 conjunctus
838 2443 957 2506 etiam
989 2463 1076 2509 cum
1113 2465 1196 2520 me·
1268 2448 1271 2454 '

142 2543 332 2609 senterico
355 2539 862 2618 inferiore310caturinter
889 2549 1041 2610 soriam
1065 2553 1103 2612 et
1131 2547 1196 2613 in·

142 2645 289 2711 seriora
311 2665 445 2710 renum
467 2650 659 2721 extrema3
684 2643 808 2708 mittit
827 2665 991 2716 nervum
1021 2625 1205 2732 sisenna.¹
1267 2707 1270 2714 ,

144 2747 268 2812 ticum
302 2748 524 2819 internum,
548 2743 613 2831 qui
645 2744 746 2829 apud
777 2747 907 2811 virum
929 2765 1001 2838 ope
1023 2751 1194 2818 funiculi

142 2852 366 2940 spermatioi
382 2853 429 2942 in
449 2859 610 2929 testem,
633 2851 675 2916 in
694 2851 843 2918 femina
871 2877 960 2920 vero
984 2853 1033 2920 ad
1055 2859 1195 2926 ovaria
1277 2899 1280 2906 ‹

144 2959 284 3023 fertur.

207 3099 267 3204 ἢ)
299 3119 497 3184 Plexus
529 3114 988 3200 diaphragmetici
1021 3116 1194 3186 huetium

141 3219 358 3302 descriptae
377 3221 560 3304 plexuum
582 3223 738 3282 catenae
759 3223 848 3282 sunt
863 3219 1195 3302 continuationes,

142 3321 286 3412 quibus
307 3327 515 3404 apparatus
534 3319 597 3384 hic
618 3340 779 3385 nerveus
799 3319 840 3383 in
862 3321 1033 3386 thoracis
1048 3340 1192 3410 cavum
1246 3303 1249 3315 ³

138 3422 392 3512 producitur,
415 3425 572 3504 plexum
595 3424 763 3487 solarem
784 3421 825 3486 in
847 3443 917 3488 suo
938 3428 1072 3488 tenens
1104 3447 1193 3490 cen·

142 3519 217 3594 iro.
266 3528 482 3592 cohaerent
519 3529 652 3612 itaque
693 3520 1020 3618 diaphragmatici
1058 3526 1193 3612 piexus

142 3651 229 3696 cum
250 3635 360 3715 parte
385 3630 582 3713 superiore
614 3629 666 3717 pl7
691 3628 853 3705 solaris;
876 3627 1104 3701 intexuntur
1128 3651 1191 3696 ar·

141 3734 253 3798 teriia
272 3734 469 3817 phrenicis
497 3727 769 3804 inferioribus}
788 3729 1068 3815 progediuntur
1094 3735 1191 3798 reti-

144 3838 232 3901 cuia
252 3837 331 3918 eius
349 3839 392 3902 in
412 3841 541 3910 aeria,
563 3840 601 3899 et
619 3835 792 3900 formant
811 3835 943 3918 plexus
966 3843 1190 3922 sequentes=
1247 3881 1250 3894 ·

226 3996 269 4086 8)
301 3996 483 4064 Plenus
517 3991 837 4078 oesophagei
871 3992 1116 4060 anterior
1151 4002 1202 4060 et·

142 4101 431 4188 posterior3
467 4098 672 4164 cohaerent
701 4115 786 4160 cum
823 4115 941 4161 nervo
968 4115 1098 4180 ¹vago;
1130 4097 1191 4162 io-

144 4211 280 4271 cantur
299 4205 342 4268 in
364 4202 550 4268 inferiore
573 4198 656 4264 cavi
674 4200 847 4266 thoracis
867 4203 979 4282 perte
1003 4217 1104 4282 pone
1126 4217 1189 4264 oe·

144 4309 382 4394 sophagur'n3
397 4304 561 4369 mittunt
581 4323 716 4368 nervos
734 4303 777 4368 in
796 4301 898 4366 hunc
919 4307 1033 4386 atque
1054 4320 1187 4390 ramos
