<?xml version="1.0" encoding="UTF-8"?>
<!DOCTYPE html PUBLIC "-//W3C//DTD XHTML 1.0 Transitional//EN"
    "http://www.w3.org/TR/xhtml1/DTD/xhtml1-transitional.dtd">
<html xmlns="http://www.w3.org/1999/xhtml" xml:lang="en" lang="en">
 <head>
  <title>
</title>
<meta http-equiv="Content-Type" content="text/html;charset=utf-8" />
  <meta name='ocr-system' content='tesseract 3.04.00' />
  <meta name='ocr-capabilities' content='ocr_page ocr_carea ocr_par ocr_line ocrx_word'/>
</head>
<body>
  <div class='ocr_page' id='page_1' title='image "./physiologiamedi02lenhgoog_0256.png"; bbox 0 0 2920 4998; ppageno 0'>
   <div class='ocr_carea' id='block_1_1' title="bbox 155 388 1167 504">
    <p class='ocr_par' dir='ltr' id='par_1_1' title="bbox 155 388 1167 504">
     <span class='ocr_line' id='line_1_1' title="bbox 155 388 1167 504; baseline 0.012 -30"><span class='ocrx_word' id='word_1_1' title='bbox 155 429 159 436; x_wconf 53' lang='lat'><strong>⁴</strong></span> <span class='ocrx_word' id='word_1_2' title='bbox 249 412 356 478; x_wconf 80' lang='lat' dir='ltr'><strong>snos.</strong></span> <span class='ocrx_word' id='word_1_3' title='bbox 374 407 468 478; x_wconf 84' lang='lat' dir='ltr'><strong>vm.</strong></span> <span class='ocrx_word' id='word_1_4' title='bbox 491 412 549 477; x_wconf 82' lang='lat' dir='ltr'><strong>Dn</strong></span> <span class='ocrx_word' id='word_1_5' title='bbox 572 388 812 478; x_wconf 76' lang='lat' dir='ltr'><strong>srsrsrrsrn</strong></span> <span class='ocrx_word' id='word_1_6' title='bbox 834 423 997 482; x_wconf 71' lang='lat' dir='ltr'><strong>ossium.</strong></span> <span class='ocrx_word' id='word_1_7' title='bbox 1106 430 1167 504; x_wconf 73' lang='lat'><strong>249</strong></span> 
     </span>
    </p>
   </div>
   <div class='ocr_carea' id='block_1_2' title="bbox 107 533 1169 854">
    <p class='ocr_par' dir='ltr' id='par_1_2' title="bbox 107 533 1169 854">
     <span class='ocr_line' id='line_1_2' title="bbox 113 533 1169 638; baseline 0.007 -20"><span class='ocrx_word' id='word_1_8' title='bbox 113 551 365 618; x_wconf 73' lang='lat' dir='ltr'><strong>constituunt</strong></span> <span class='ocrx_word' id='word_1_9' title='bbox 374 533 563 628; x_wconf 60' lang='lat' dir='ltr'><strong>&#39;uitalem‚</strong></span> <span class='ocrx_word' id='word_1_10' title='bbox 583 571 731 620; x_wconf 86' lang='lat' dir='ltr'><strong>osseam</strong></span> <span class='ocrx_word' id='word_1_11' title='bbox 748 557 951 630; x_wconf 80' lang='lat' dir='ltr'><strong>materiem</strong></span> <span class='ocrx_word' id='word_1_12' title='bbox 972 577 1169 638; x_wconf 83' lang='lat' dir='ltr'><strong>secernen-</strong></span> 
     </span>
     <span class='ocr_line' id='line_1_3' title="bbox 107 654 1169 746; baseline 0.008 -26"><span class='ocrx_word' id='word_1_13' title='bbox 107 664 225 734; x_wconf 77' lang='lat' dir='ltr'><strong>tem3</strong></span> <span class='ocrx_word' id='word_1_14' title='bbox 244 677 311 722; x_wconf 87' lang='lat' dir='ltr'><strong>nec</strong></span> <span class='ocrx_word' id='word_1_15' title='bbox 331 654 428 722; x_wconf 88' lang='lat' dir='ltr'><strong>alibi</strong></span> <span class='ocrx_word' id='word_1_16' title='bbox 448 677 493 720; x_wconf 87' lang='lat' dir='ltr'><strong>ea</strong></span> <span class='ocrx_word' id='word_1_17' title='bbox 514 663 674 742; x_wconf 79' lang='lat' dir='ltr'><strong>paratur</strong></span> <span class='ocrx_word' id='word_1_18' title='bbox 693 659 896 740; x_wconf 84' lang='lat' dir='ltr'><strong>materies,</strong></span> <span class='ocrx_word' id='word_1_19' title='bbox 921 679 1035 746; x_wconf 84' lang='lat' dir='ltr'><strong>quam</strong></span> <span class='ocrx_word' id='word_1_20' title='bbox 1064 665 1169 729; x_wconf 72' lang='lat' dir='ltr'><strong>Hun-</strong></span> 
     </span>
     <span class='ocr_line' id='line_1_4' title="bbox 113 765 1168 854; baseline 0.009 -30"><span class='ocrx_word' id='word_1_21' title='bbox 113 776 243 846; x_wconf 71' lang='lat' dir='ltr'><strong>nnnus</strong></span> <span class='ocrx_word' id='word_1_22' title='bbox 275 779 476 825; x_wconf 86' lang='lat' dir='ltr'><strong>succum</strong></span> <span class='ocrx_word' id='word_1_23' title='bbox 500 780 695 827; x_wconf 87' lang='lat' dir='ltr'><strong>osseum</strong></span> <span class='ocrx_word' id='word_1_24' title='bbox 724 765 933 847; x_wconf 87' lang='lat' dir='ltr'><strong>compellat</strong></span> <span class='ocrx_word' id='word_1_25' title='bbox 963 765 1037 854; x_wconf 65' lang='lat'><strong>12),</strong></span> <span class='ocrx_word' id='word_1_26' title='bbox 1060 767 1168 836; x_wconf 87' lang='lat' dir='ltr'><strong>acin</strong></span> 
     </span>
    </p>
   </div>
   <div class='ocr_carea' id='block_1_3' title="bbox 113 862 1275 954">
    <p class='ocr_par' dir='ltr' id='par_1_3' title="bbox 113 862 1275 954">
     <span class='ocr_line' id='line_1_5' title="bbox 113 862 1275 954; baseline 0.002 -24"><span class='ocrx_word' id='word_1_27' title='bbox 113 866 210 948; x_wconf 82' lang='lat' dir='ltr'><strong>ipsa</strong></span> <span class='ocrx_word' id='word_1_28' title='bbox 239 862 487 948; x_wconf 68' lang='lat' dir='ltr'><strong>cartilagine,</strong></span> <span class='ocrx_word' id='word_1_29' title='bbox 509 883 604 951; x_wconf 82' lang='lat' dir='ltr'><strong>quae</strong></span> <span class='ocrx_word' id='word_1_30' title='bbox 636 863 834 940; x_wconf 79' lang='lat' dir='ltr'><strong>differente</strong></span> <span class='ocrx_word' id='word_1_31' title='bbox 853 864 1000 952; x_wconf 61' lang='lat' dir='ltr'><strong>gaudet*</strong></span> <span class='ocrx_word' id='word_1_32' title='bbox 1015 870 1175 954; x_wconf 60' lang='lat' dir='ltr'><strong>organi·</strong></span> <span class='ocrx_word' id='word_1_33' title='bbox 1262 869 1275 926; x_wconf 66' lang='lat' dir='ltr'>s</span> 
     </span>
    </p>
   </div>
   <div class='ocr_carea' id='block_1_4' title="bbox 114 967 1171 1178">
    <p class='ocr_par' dir='ltr' id='par_1_4' title="bbox 114 967 1171 1178">
     <span class='ocr_line' id='line_1_6' title="bbox 114 967 1171 1056; baseline 0 -18"><span class='ocrx_word' id='word_1_34' title='bbox 114 971 279 1038; x_wconf 86' lang='lat' dir='ltr'><strong>satione</strong></span> <span class='ocrx_word' id='word_1_35' title='bbox 301 975 338 1034; x_wconf 86' lang='lat' dir='ltr'><strong>et</strong></span> <span class='ocrx_word' id='word_1_36' title='bbox 358 968 442 1034; x_wconf 86' lang='lat' dir='ltr'><strong>vita</strong></span> <span class='ocrx_word' id='word_1_37' title='bbox 460 969 620 1053; x_wconf 85' lang='lat' dir='ltr'><strong>propria</strong></span> <span class='ocrx_word' id='word_1_38' title='bbox 639 967 690 1054; x_wconf 70' lang='grc' dir='ltr'><strong>(ς.</strong></span> <span class='ocrx_word' id='word_1_39' title='bbox 709 971 799 1056; x_wconf 82' lang='lat'><strong>58·)‚</strong></span> <span class='ocrx_word' id='word_1_40' title='bbox 815 972 1049 1054; x_wconf 79' lang='lat' dir='ltr'>peculiarem</span> <span class='ocrx_word' id='word_1_41' title='bbox 1068 974 1171 1040; x_wconf 83' lang='lat' dir='ltr'><strong>hanc</strong></span> 
     </span>
     <span class='ocr_line' id='line_1_7' title="bbox 114 1074 635 1178; baseline -0.004 -38"><span class='ocrx_word' id='word_1_42' title='bbox 114 1076 380 1178; x_wconf 80' lang='lat' dir='ltr'><strong>secretionem</strong></span> <span class='ocrx_word' id='word_1_43' title='bbox 398 1074 635 1160; x_wconf 83' lang='lat' dir='ltr'><strong>perficiente.</strong></span> 
     </span>
    </p>
   </div>
   <div class='ocr_carea' id='block_1_5' title="bbox 113 1229 1268 1638">
    <p class='ocr_par' dir='ltr' id='par_1_5' title="bbox 113 1229 1268 1638">
     <span class='ocr_line' id='line_1_8' title="bbox 208 1229 1236 1334; baseline 0 -26"><span class='ocrx_word' id='word_1_44' title='bbox 208 1246 269 1308; x_wconf 86' lang='lat' dir='ltr'><strong>Ita</strong></span> <span class='ocrx_word' id='word_1_45' title='bbox 288 1242 410 1326; x_wconf 85' lang='lat' dir='ltr'><strong>igitur</strong></span> <span class='ocrx_word' id='word_1_46' title='bbox 429 1243 499 1319; x_wconf 86' lang='lat' dir='ltr'><strong>fit,</strong></span> <span class='ocrx_word' id='word_1_47' title='bbox 523 1248 567 1307; x_wconf 86' lang='lat' dir='ltr'><strong>ut</strong></span> <span class='ocrx_word' id='word_1_48' title='bbox 590 1243 783 1308; x_wconf 86' lang='lat' dir='ltr'><strong>terrestris</strong></span> <span class='ocrx_word' id='word_1_49' title='bbox 814 1245 895 1321; x_wconf 86' lang='lat' dir='ltr'><strong>sal,</strong></span> <span class='ocrx_word' id='word_1_50' title='bbox 927 1245 1083 1328; x_wconf 82' lang='lat' dir='ltr'><strong>vaporis</strong></span> <span class='ocrx_word' id='word_1_51' title='bbox 1109 1229 1169 1308; x_wconf 81' lang='lat' dir='ltr'><strong>fa·</strong></span> <span class='ocrx_word' id='word_1_52' title='bbox 1232 1327 1236 1334; x_wconf 19' lang='grc' dir='ltr'>ι</span> 
     </span>
     <span class='ocr_line' id='line_1_9' title="bbox 114 1333 1171 1433; baseline 0 -21"><span class='ocrx_word' id='word_1_53' title='bbox 114 1347 202 1424; x_wconf 81' lang='lat' dir='ltr'><strong>&#39;cile-</strong></span> <span class='ocrx_word' id='word_1_54' title='bbox 216 1350 365 1422; x_wconf 84' lang='lat' dir='ltr'><strong>forma,</strong></span> <span class='ocrx_word' id='word_1_55' title='bbox 383 1349 627 1413; x_wconf 87' lang='lat' dir='ltr'><strong>vasculorum</strong></span> <span class='ocrx_word' id='word_1_56' title='bbox 648 1346 868 1412; x_wconf 86' lang='lat' dir='ltr'><strong>transsudat</strong></span> <span class='ocrx_word' id='word_1_57' title='bbox 891 1347 988 1414; x_wconf 88' lang='lat' dir='ltr'><strong>fines</strong></span> <span class='ocrx_word' id='word_1_58' title='bbox 1018 1333 1171 1433; x_wconf 75' lang='lat' dir='ltr'><strong>sut·13a-</strong></span> 
     </span>
     <span class='ocr_line' id='line_1_10' title="bbox 113 1449 1268 1539; baseline 0.001 -24"><span class='ocrx_word' id='word_1_59' title='bbox 113 1453 264 1528; x_wconf 82' lang='lat' dir='ltr'><strong>rietes,</strong></span> <span class='ocrx_word' id='word_1_60' title='bbox 295 1449 443 1536; x_wconf 90' lang='lat' dir='ltr'><strong>ipsique</strong></span> <span class='ocrx_word' id='word_1_61' title='bbox 471 1449 749 1534; x_wconf 86' lang='lat' dir='ltr'><strong>cartilagineae</strong></span> <span class='ocrx_word' id='word_1_62' title='bbox 780 1451 970 1517; x_wconf 85' lang='lat' dir='ltr'><strong>admistus</strong></span> <span class='ocrx_word' id='word_1_63' title='bbox 1002 1473 1171 1528; x_wconf 78' lang='lat' dir='ltr'><strong>massae,</strong></span> <span class='ocrx_word' id='word_1_64' title='bbox 1265 1529 1268 1539; x_wconf 23' lang='lat'><strong>³</strong></span> 
     </span>
     <span class='ocr_line' id='line_1_11' title="bbox 115 1545 1247 1638; baseline 0 -20"><span class='ocrx_word' id='word_1_65' title='bbox 115 1554 416 1620; x_wconf 73' lang='lat' dir='ltr'><strong>consistentiam</strong></span> <span class='ocrx_word' id='word_1_66' title='bbox 444 1552 625 1638; x_wconf 78' lang='lat' dir='ltr'><strong>adquirat</strong></span> <span class='ocrx_word' id='word_1_67' title='bbox 653 1547 833 1626; x_wconf 76' lang='lat' dir='ltr'><strong>solidam.</strong></span> <span class='ocrx_word' id='word_1_68' title='bbox 866 1555 1051 1637; x_wconf 85' lang='lat' dir='ltr'><strong>Deposita</strong></span> <span class='ocrx_word' id='word_1_69' title='bbox 1070 1575 1173 1620; x_wconf 91' lang='lat' dir='ltr'><strong>nunc</strong></span> <span class='ocrx_word' id='word_1_70' title='bbox 1243 1545 1247 1554; x_wconf 53' lang='lat'>⁸</span> 
     </span>
    </p>
   </div>
   <div class='ocr_carea' id='block_1_6' title="bbox 15 1657 1171 1743">
    <p class='ocr_par' dir='ltr' id='par_1_6' title="bbox 15 1657 1171 1743">
     <span class='ocr_line' id='line_1_12' title="bbox 15 1657 1171 1743; baseline -0.006 -13"><span class='ocrx_word' id='word_1_71' title='bbox 15 1719 22 1732; x_wconf 82' lang='grc'>,</span> <span class='ocrx_word' id='word_1_72' title='bbox 114 1660 300 1730; x_wconf 71' lang='lat' dir='ltr'><strong>terrestri</strong></span> <span class='ocrx_word' id='word_1_73' title='bbox 321 1657 540 1724; x_wconf 84' lang='lat' dir='ltr'><strong>substantia</strong></span> <span class='ocrx_word' id='word_1_74' title='bbox 552 1699 562 1732; x_wconf 89' lang='lat'><strong><em>,</em></strong></span> <span class='ocrx_word' id='word_1_75' title='bbox 585 1658 779 1742; x_wconf 82' lang='lat' dir='ltr'><strong>cartilago</strong></span> <span class='ocrx_word' id='word_1_76' title='bbox 798 1657 978 1726; x_wconf 81' lang='lat' dir='ltr'><strong>flavescit</strong></span> <span class='ocrx_word' id='word_1_77' title='bbox 999 1666 1038 1726; x_wconf 85' lang='lat' dir='ltr'><strong>et</strong></span> <span class='ocrx_word' id='word_1_78' title='bbox 1055 1679 1171 1743; x_wconf 79' lang='lat' dir='ltr'><strong>euge-</strong></span> 
     </span>
    </p>
   </div>
   <div class='ocr_carea' id='block_1_7' title="bbox 114 1760 1177 2054">
    <p class='ocr_par' dir='ltr' id='par_1_7' title="bbox 114 1760 1177 2054">
     <span class='ocr_line' id='line_1_13' title="bbox 115 1760 1177 1846; baseline -0.002 -18"><span class='ocrx_word' id='word_1_79' title='bbox 115 1771 188 1828; x_wconf 78' lang='lat' dir='ltr'><strong>tur</strong></span> <span class='ocrx_word' id='word_1_80' title='bbox 207 1762 421 1830; x_wconf 79' lang='lat' dir='ltr'><strong>soliditate.</strong></span> <span class='ocrx_word' id='word_1_81' title='bbox 440 1760 597 1844; x_wconf 75' lang='lat' dir='ltr'><strong>·lncipit</strong></span> <span class='ocrx_word' id='word_1_82' title='bbox 628 1760 838 1826; x_wconf 86' lang='lat' dir='ltr'><strong>ossificatio</strong></span> <span class='ocrx_word' id='word_1_83' title='bbox 869 1779 945 1826; x_wconf 90' lang='lat' dir='ltr'><strong>uno</strong></span> <span class='ocrx_word' id='word_1_84' title='bbox 970 1768 1038 1826; x_wconf 76' lang='lat' dir='ltr'><strong>eut</strong></span> <span class='ocrx_word' id='word_1_85' title='bbox 1052 1762 1177 1846; x_wconf 85' lang='lat' dir='ltr'><strong>pluri·</strong></span> 
     </span>
     <span class='ocr_line' id='line_1_14' title="bbox 114 1862 1177 1949; baseline -0.002 -19"><span class='ocrx_word' id='word_1_86' title='bbox 114 1867 197 1930; x_wconf 86' lang='lat' dir='ltr'><strong>bus</strong></span> <span class='ocrx_word' id='word_1_87' title='bbox 219 1863 370 1948; x_wconf 85' lang='lat' dir='ltr'><strong>punctis</strong></span> <span class='ocrx_word' id='word_1_88' title='bbox 392 1862 519 1927; x_wconf 85' lang='lat' dir='ltr'><strong>media</strong></span> <span class='ocrx_word' id='word_1_89' title='bbox 536 1862 750 1946; x_wconf 87' lang='lat' dir='ltr'><strong>plurimum</strong></span> <span class='ocrx_word' id='word_1_90' title='bbox 770 1863 914 1930; x_wconf 87' lang='lat' dir='ltr'><strong>ossium</strong></span> <span class='ocrx_word' id='word_1_91' title='bbox 930 1869 1039 1949; x_wconf 80' lang='lat' dir='ltr'><strong>perte</strong></span> <span class='ocrx_word' id='word_1_92' title='bbox 1050 1905 1062 1940; x_wconf 88' lang='lat'><em>‚</em></span> <span class='ocrx_word' id='word_1_93' title='bbox 1074 1864 1177 1948; x_wconf 91' lang='lat' dir='ltr'><strong>quod</strong></span> 
     </span>
     <span class='ocr_line' id='line_1_15' title="bbox 115 1965 1175 2054; baseline -0.004 -20"><span class='ocrx_word' id='word_1_94' title='bbox 115 1974 216 2054; x_wconf 87' lang='lat' dir='ltr'><strong>post</strong></span> <span class='ocrx_word' id='word_1_95' title='bbox 238 1968 414 2054; x_wconf 84' lang='lat' dir='ltr'><strong>quintam</strong></span> <span class='ocrx_word' id='word_1_96' title='bbox 440 1972 509 2032; x_wconf 81' lang='lat' dir='ltr'><strong>aut</strong></span> <span class='ocrx_word' id='word_1_97' title='bbox 530 1971 678 2030; x_wconf 80' lang='lat' dir='ltr'><strong>sextam</strong></span> <span class='ocrx_word' id='word_1_98' title='bbox 707 1965 1011 2044; x_wconf 86' lang='lat' dir='ltr'><strong>hebdomadem,</strong></span> <span class='ocrx_word' id='word_1_99' title='bbox 1031 1973 1076 2032; x_wconf 90' lang='lat' dir='ltr'><strong>ut</strong></span> <span class='ocrx_word' id='word_1_100' title='bbox 1098 1966 1175 2032; x_wconf 85' lang='lat' dir='ltr'><strong>Al·</strong></span> 
     </span>
    </p>
   </div>
   <div class='ocr_carea' id='block_1_8' title="bbox 14 2065 1293 2264">
    <p class='ocr_par' dir='ltr' id='par_1_8' title="bbox 14 2065 1293 2264">
     <span class='ocr_line' id='line_1_16' title="bbox 14 2065 1175 2148; baseline -0.001 -9"><span class='ocrx_word' id='word_1_101' title='bbox 14 2097 15 2102; x_wconf 48' lang='lat'><em>*</em></span> <span class='ocrx_word' id='word_1_102' title='bbox 117 2073 261 2148; x_wconf 87' lang='lat' dir='ltr'><strong>bini,</strong></span> <span class='ocrx_word' id='word_1_103' title='bbox 295 2065 1073 2147; x_wconf 82' lang='lat' dir='ltr'><strong>Helleri,Walteri,Boehmsri</strong></span> <span class='ocrx_word' id='word_1_104' title='bbox 1105 2075 1175 2138; x_wconf 74' lang='lat' dir='ltr'><strong>etc·</strong></span> 
     </span>
     <span class='ocr_line' id='line_1_17' title="bbox 116 2169 1293 2264; baseline -0.004 -24"><span class='ocrx_word' id='word_1_105' title='bbox 116 2175 459 2264; x_wconf 73' lang='lat' dir='ltr'><strong>observationibus</strong></span> <span class='ocrx_word' id='word_1_106' title='bbox 490 2178 668 2250; x_wconf 86' lang='lat' dir='ltr'><strong>constat,</strong></span> <span class='ocrx_word' id='word_1_107' title='bbox 703 2174 858 2238; x_wconf 87' lang='lat' dir='ltr'><strong>eccidit.</strong></span> <span class='ocrx_word' id='word_1_108' title='bbox 899 2175 1016 2239; x_wconf 87' lang='lat' dir='ltr'><strong>Varia</strong></span> <span class='ocrx_word' id='word_1_109' title='bbox 1045 2179 1176 2242; x_wconf 87' lang='lat' dir='ltr'><strong>autem</strong></span> <span class='ocrx_word' id='word_1_110' title='bbox 1292 2169 1293 2178; x_wconf 75' lang='grc'>’</span> 
     </span>
    </p>
   </div>
   <div class='ocr_carea' id='block_1_9' title="bbox 14 2274 1243 2986">
    <p class='ocr_par' dir='ltr' id='par_1_9' title="bbox 14 2274 1243 2986">
     <span class='ocr_line' id='line_1_18' title="bbox 119 2274 1175 2362; baseline -0.004 -16"><span class='ocrx_word' id='word_1_111' title='bbox 119 2285 183 2346; x_wconf 86' lang='lat' dir='ltr'><strong>est</strong></span> <span class='ocrx_word' id='word_1_112' title='bbox 209 2277 311 2344; x_wconf 87' lang='lat' dir='ltr'><strong>ratio</strong></span> <span class='ocrx_word' id='word_1_113' title='bbox 325 2321 338 2354; x_wconf 88' lang='lat'><em>,</em></span> <span class='ocrx_word' id='word_1_114' title='bbox 368 2296 444 2362; x_wconf 88' lang='lat' dir='ltr'><strong>qua</strong></span> <span class='ocrx_word' id='word_1_115' title='bbox 484 2274 700 2342; x_wconf 82' lang='lat' dir='ltr'><strong>ossificatio</strong></span> <span class='ocrx_word' id='word_1_116' title='bbox 734 2275 971 2342; x_wconf 84' lang='lat' dir='ltr'><strong>indiversis</strong></span> <span class='ocrx_word' id='word_1_117' title='bbox 1000 2274 1175 2361; x_wconf 85' lang='lat' dir='ltr'><strong>procedit</strong></span> 
     </span>
     <span class='ocr_line' id='line_1_19' title="bbox 119 2377 1175 2467; baseline -0.002 -19"><span class='ocrx_word' id='word_1_118' title='bbox 119 2381 240 2467; x_wconf 87' lang='lat' dir='ltr'><strong>hujus</strong></span> <span class='ocrx_word' id='word_1_119' title='bbox 266 2378 486 2463; x_wconf 77' lang='lat' dir='ltr'><strong>systematis</strong></span> <span class='ocrx_word' id='word_1_120' title='bbox 505 2377 696 2464; x_wconf 83' lang='lat' dir='ltr'><strong>partibus·</strong></span> <span class='ocrx_word' id='word_1_121' title='bbox 717 2410 758 2432; x_wconf 90' lang='lat'><strong>-··</strong></span> <span class='ocrx_word' id='word_1_122' title='bbox 781 2381 875 2445; x_wconf 87' lang='lat' dir='ltr'><strong>Ossa</strong></span> <span class='ocrx_word' id='word_1_123' title='bbox 895 2381 1012 2464; x_wconf 82' lang='lat' dir='ltr'><strong>longa</strong></span> <span class='ocrx_word' id='word_1_124' title='bbox 1048 2379 1175 2466; x_wconf 86' lang='lat' dir='ltr'><strong>cylin-</strong></span> 
     </span>
     <span class='ocr_line' id='line_1_20' title="bbox 18 2470 1176 2572; baseline -0.004 -20"><span class='ocrx_word' id='word_1_125' title='bbox 18 2470 21 2479; x_wconf 53' lang='grc'><em>’</em></span> <span class='ocrx_word' id='word_1_126' title='bbox 120 2485 240 2562; x_wconf 78' lang='lat' dir='ltr'><strong>duum</strong></span> <span class='ocrx_word' id='word_1_127' title='bbox 253 2485 295 2548; x_wconf 92' lang='lat' dir='ltr'><strong>in</strong></span> <span class='ocrx_word' id='word_1_128' title='bbox 306 2471 620 2568; x_wconf 77' lang='lat' dir='ltr'><strong>centroformant</strong></span> <span class='ocrx_word' id='word_1_129' title='bbox 636 2501 799 2566; x_wconf 77' lang='lat' dir='ltr'><strong>parvum</strong></span> <span class='ocrx_word' id='word_1_130' title='bbox 810 2527 820 2560; x_wconf 87' lang='lat'>,</span> <span class='ocrx_word' id='word_1_131' title='bbox 832 2487 961 2553; x_wconf 88' lang='lat' dir='ltr'><strong>media</strong></span> <span class='ocrx_word' id='word_1_132' title='bbox 978 2492 1092 2572; x_wconf 85' lang='lat' dir='ltr'><strong>parte·</strong></span> <span class='ocrx_word' id='word_1_133' title='bbox 1108 2504 1176 2548; x_wconf 81' lang='lat' dir='ltr'><strong>sn·</strong></span> 
     </span>
     <span class='ocr_line' id='line_1_21' title="bbox 123 2587 1243 2674; baseline 0.001 -21"><span class='ocrx_word' id='word_1_134' title='bbox 123 2594 307 2674; x_wconf 87' lang='lat' dir='ltr'><strong>gustum,</strong></span> <span class='ocrx_word' id='word_1_135' title='bbox 330 2592 369 2652; x_wconf 88' lang='lat' dir='ltr'><strong>et</strong></span> <span class='ocrx_word' id='word_1_136' title='bbox 390 2588 622 2672; x_wconf 85' lang='lat' dir='ltr'><strong>ampliorem</strong></span> <span class='ocrx_word' id='word_1_137' title='bbox 644 2607 774 2658; x_wconf 84' lang='lat' dir='ltr'><strong>versus</strong></span> <span class='ocrx_word' id='word_1_138' title='bbox 793 2597 965 2656; x_wconf 83' lang='lat' dir='ltr'><strong>extrema</strong></span> <span class='ocrx_word' id='word_1_139' title='bbox 977 2635 989 2668; x_wconf 88' lang='lat'><strong>,</strong></span> <span class='ocrx_word' id='word_1_140' title='bbox 1009 2587 1175 2670; x_wconf 81' lang='lat' dir='ltr'><strong>vestigio</strong></span> <span class='ocrx_word' id='word_1_141' title='bbox 1233 2609 1243 2635; x_wconf 59' lang='lat'>⁸</span> 
     </span>
     <span class='ocr_line' id='line_1_22' title="bbox 14 2679 1175 2782; baseline 0 -24"><span class='ocrx_word' id='word_1_142' title='bbox 14 2771 15 2776; x_wconf 5' lang='grc' dir='ltr'>ἵ</span> <span class='ocrx_word' id='word_1_143' title='bbox 124 2679 218 2758; x_wconf 85' lang='lat' dir='ltr'><strong>cavi</strong></span> <span class='ocrx_word' id='word_1_144' title='bbox 233 2679 466 2761; x_wconf 65' lang='lat' dir='ltr'><strong>&#39;medullaris</strong></span> <span class='ocrx_word' id='word_1_145' title='bbox 499 2697 537 2758; x_wconf 89' lang='lat' dir='ltr'><strong>et</strong></span> <span class='ocrx_word' id='word_1_146' title='bbox 557 2693 772 2772; x_wconf 84' lang='lat' dir='ltr'><strong>foramine,</strong></span> <span class='ocrx_word' id='word_1_147' title='bbox 794 2715 869 2782; x_wconf 90' lang='lat' dir='ltr'><strong>quo</strong></span> <span class='ocrx_word' id='word_1_148' title='bbox 892 2691 1076 2780; x_wconf 80' lang='lat' dir='ltr'><strong>magnum</strong></span> <span class='ocrx_word' id='word_1_149' title='bbox 1110 2714 1175 2778; x_wconf 82' lang='lat' dir='ltr'><strong>pe·</strong></span> 
     </span>
     <span class='ocr_line' id='line_1_23' title="bbox 122 2781 1176 2880; baseline 0 -20"><span class='ocrx_word' id='word_1_150' title='bbox 122 2781 258 2870; x_wconf 77' lang='lat' dir='ltr'><strong>neirat</strong></span> <span class='ocrx_word' id='word_1_151' title='bbox 276 2817 344 2860; x_wconf 86' lang='lat' dir='ltr'><strong>vas</strong></span> <span class='ocrx_word' id='word_1_152' title='bbox 362 2794 563 2874; x_wconf 88' lang='lat' dir='ltr'><strong>nutriens,</strong></span> <span class='ocrx_word' id='word_1_153' title='bbox 589 2793 834 2862; x_wconf 85' lang='lat' dir='ltr'><strong>instructum.</strong></span> <span class='ocrx_word' id='word_1_154' title='bbox 866 2797 1121 2880; x_wconf 85' lang='lat' dir='ltr'><strong>Prolongatur</strong></span> <span class='ocrx_word' id='word_1_155' title='bbox 1137 2793 1176 2861; x_wconf 85' lang='lat' dir='ltr'><strong>&#39;is</strong></span> 
     </span>
     <span class='ocr_line' id='line_1_24' title="bbox 124 2893 1232 2986; baseline 0.002 -24"><span class='ocrx_word' id='word_1_156' title='bbox 124 2896 328 2986; x_wconf 80' lang='lat' dir='ltr'><strong>cylindrus</strong></span> <span class='ocrx_word' id='word_1_157' title='bbox 347 2917 478 2964; x_wconf 83' lang='lat' dir='ltr'><strong>versus</strong></span> <span class='ocrx_word' id='word_1_158' title='bbox 497 2900 810 2977; x_wconf 72' lang='lat' dir='ltr'><strong>extramaossis,</strong></span> <span class='ocrx_word' id='word_1_159' title='bbox 833 2919 929 2984; x_wconf 81' lang='lat' dir='ltr'><strong>quae</strong></span> <span class='ocrx_word' id='word_1_160' title='bbox 950 2899 1177 2968; x_wconf 85' lang='lat' dir='ltr'><strong>nativitatis</strong></span> <span class='ocrx_word' id='word_1_161' title='bbox 1228 2893 1232 2902; x_wconf 76' lang='grc'><em>“</em></span> 
     </span>
    </p>
   </div>
   <div class='ocr_carea' id='block_1_10' title="bbox 121 2991 1278 3086">
    <p class='ocr_par' dir='ltr' id='par_1_10' title="bbox 121 2991 1278 3086">
     <span class='ocr_line' id='line_1_25' title="bbox 121 2991 1278 3086; baseline -0.003 -16"><span class='ocrx_word' id='word_1_162' title='bbox 121 3010 302 3086; x_wconf 87' lang='lat' dir='ltr'><strong>tempore</strong></span> <span class='ocrx_word' id='word_1_163' title='bbox 322 2991 577 3085; x_wconf 66' lang='lat' dir='ltr'><strong>cartilaginea</strong></span> <span class='ocrx_word' id='word_1_164' title='bbox 596 3001 808 3082; x_wconf 83' lang='lat' dir='ltr'><strong>plurimum</strong></span> <span class='ocrx_word' id='word_1_165' title='bbox 828 3001 953 3070; x_wconf 83' lang='lat' dir='ltr'><strong>adhuc</strong></span> <span class='ocrx_word' id='word_1_166' title='bbox 973 3001 1177 3070; x_wconf 80' lang='lat' dir='ltr'><strong>suut-Tar·</strong></span> <span class='ocrx_word' id='word_1_167' title='bbox 1277 2991 1278 2998; x_wconf 52' lang='lat'><em>&#39;</em></span> 
     </span>
    </p>
   </div>
   <div class='ocr_carea' id='block_1_11' title="bbox 89 3103 1245 3606">
    <p class='ocr_par' dir='ltr' id='par_1_11' title="bbox 89 3103 1245 3606">
     <span class='ocr_line' id='line_1_26' title="bbox 124 3103 1245 3194; baseline -0.002 -24"><span class='ocrx_word' id='word_1_168' title='bbox 124 3103 214 3170; x_wconf 86' lang='lat' dir='ltr'><strong>dius</strong></span> <span class='ocrx_word' id='word_1_169' title='bbox 235 3111 380 3189; x_wconf 89' lang='lat' dir='ltr'><strong>puncta</strong></span> <span class='ocrx_word' id='word_1_170' title='bbox 412 3123 522 3168; x_wconf 81' lang='lat' dir='ltr'><strong>ossea</strong></span> <span class='ocrx_word' id='word_1_171' title='bbox 546 3103 588 3166; x_wconf 89' lang='lat' dir='ltr'><strong>in</strong></span> <span class='ocrx_word' id='word_1_172' title='bbox 612 3104 792 3194; x_wconf 81' lang='lat' dir='ltr'><strong>ext-remis</strong></span> <span class='ocrx_word' id='word_1_173' title='bbox 825 3111 1055 3180; x_wconf 87' lang='lat' dir='ltr'><strong>nascuntur,</strong></span> <span class='ocrx_word' id='word_1_174' title='bbox 1080 3123 1176 3188; x_wconf 86' lang='lat' dir='ltr'><strong>quae</strong></span> <span class='ocrx_word' id='word_1_175' title='bbox 1241 3105 1245 3114; x_wconf 87' lang='grc'><em>“</em></span> 
     </span>
     <span class='ocr_line' id='line_1_27' title="bbox 123 3205 1241 3296; baseline -0.005 -22"><span class='ocrx_word' id='word_1_176' title='bbox 123 3207 368 3296; x_wconf 78' lang='lat' dir='ltr'><strong>pedetentim</strong></span> <span class='ocrx_word' id='word_1_177' title='bbox 400 3205 621 3282; x_wconf 80' lang='lat' dir='ltr'><strong>confluunt,</strong></span> <span class='ocrx_word' id='word_1_178' title='bbox 645 3225 806 3293; x_wconf 86' lang='lat' dir='ltr'><strong>cumque</strong></span> <span class='ocrx_word' id='word_1_179' title='bbox 826 3208 1002 3296; x_wconf 76' lang='lat' dir='ltr'><strong>cyIIndro</strong></span> <span class='ocrx_word' id='word_1_180' title='bbox 1031 3209 1177 3274; x_wconf 83' lang='lat' dir='ltr'><strong>forma·</strong></span> <span class='ocrx_word' id='word_1_181' title='bbox 1238 3259 1241 3268; x_wconf 91' lang='lat'><em>.</em></span> 
     </span>
     <span class='ocr_line' id='line_1_28' title="bbox 89 3309 1178 3390; baseline -0.005 -9"><span class='ocrx_word' id='word_1_182' title='bbox 89 3319 90 3326; x_wconf 77' lang='grc'>’</span> <span class='ocrx_word' id='word_1_183' title='bbox 126 3321 170 3381; x_wconf 88' lang='lat' dir='ltr'><strong>to</strong></span> <span class='ocrx_word' id='word_1_184' title='bbox 193 3311 399 3388; x_wconf 78' lang='lat' dir='ltr'><strong>uniuntur.</strong></span> <span class='ocrx_word' id='word_1_185' title='bbox 429 3309 684 3390; x_wconf 67' lang='lat' dir='ltr'><strong>Perficiuntur</strong></span> <span class='ocrx_word' id='word_1_186' title='bbox 715 3309 870 3376; x_wconf 90' lang='lat' dir='ltr'><strong>demum</strong></span> <span class='ocrx_word' id='word_1_187' title='bbox 890 3313 986 3376; x_wconf 88' lang='lat' dir='ltr'><strong>hasc</strong></span> <span class='ocrx_word' id='word_1_188' title='bbox 1006 3331 1095 3376; x_wconf 83' lang='lat' dir='ltr'><strong>ossa</strong></span> <span class='ocrx_word' id='word_1_189' title='bbox 1114 3331 1178 3376; x_wconf 62' lang='lat' dir='ltr'><strong>usn</strong></span> 
     </span>
     <span class='ocr_line' id='line_1_29' title="bbox 127 3409 1172 3503; baseline 0.003 -24"><span class='ocrx_word' id='word_1_190' title='bbox 127 3436 203 3503; x_wconf 85' lang='lat' dir='ltr'><strong>que</strong></span> <span class='ocrx_word' id='word_1_191' title='bbox 239 3416 362 3485; x_wconf 84' lang='lat'><strong>16-18</strong></span> <span class='ocrx_word' id='word_1_192' title='bbox 384 3413 524 3478; x_wconf 85' lang='lat' dir='ltr'><strong>aetatis</strong></span> <span class='ocrx_word' id='word_1_193' title='bbox 556 3431 711 3478; x_wconf 86' lang='lat' dir='ltr'><strong>annum.</strong></span> <span class='ocrx_word' id='word_1_194' title='bbox 731 3443 773 3467; x_wconf 51' lang='lat' dir='ltr'><strong>-s</strong></span> <span class='ocrx_word' id='word_1_195' title='bbox 791 3416 834 3478; x_wconf 92' lang='lat' dir='ltr'><strong>In</strong></span> <span class='ocrx_word' id='word_1_196' title='bbox 866 3413 1012 3480; x_wconf 84' lang='lat' dir='ltr'><strong>ossibus</strong></span> <span class='ocrx_word' id='word_1_197' title='bbox 1042 3409 1172 3498; x_wconf 80' lang='lat' dir='ltr'><strong>planis</strong></span> 
     </span>
     <span class='ocr_line' id='line_1_30' title="bbox 111 3513 1175 3606; baseline -0.003 -20"><span class='ocrx_word' id='word_1_198' title='bbox 111 3513 167 3596; x_wconf 80' lang='lat' dir='ltr'><strong>&#39;st</strong></span> <span class='ocrx_word' id='word_1_199' title='bbox 190 3519 451 3606; x_wconf 84' lang='lat' dir='ltr'><strong>symmetricis</strong></span> <span class='ocrx_word' id='word_1_200' title='bbox 480 3519 594 3603; x_wconf 87' lang='lat' dir='ltr'><strong>plura</strong></span> <span class='ocrx_word' id='word_1_201' title='bbox 614 3516 861 3602; x_wconf 87' lang='lat' dir='ltr'><strong>potissimum</strong></span> <span class='ocrx_word' id='word_1_202' title='bbox 882 3526 1089 3586; x_wconf 85' lang='lat' dir='ltr'><strong>cernuntur</strong></span> <span class='ocrx_word' id='word_1_203' title='bbox 1111 3539 1175 3584; x_wconf 85' lang='lat' dir='ltr'><strong>os·</strong></span> 
     </span>
    </p>
   </div>
   <div class='ocr_carea' id='block_1_12' title="bbox 13 3621 1177 3708">
    <p class='ocr_par' dir='ltr' id='par_1_12' title="bbox 13 3621 1177 3708">
     <span class='ocr_line' id='line_1_31' title="bbox 13 3621 1177 3708; baseline -0.006 -14"><span class='ocrx_word' id='word_1_204' title='bbox 13 3639 14 3644; x_wconf 77' lang='grc'>’</span> <span class='ocrx_word' id='word_1_205' title='bbox 127 3623 378 3694; x_wconf 62' lang='lat' dir='ltr'><strong>sificationisx</strong></span> <span class='ocrx_word' id='word_1_206' title='bbox 394 3629 558 3707; x_wconf 84' lang='lat' dir='ltr'><strong>puncta,</strong></span> <span class='ocrx_word' id='word_1_207' title='bbox 583 3643 601 3688; x_wconf 90' lang='lat' dir='ltr'><strong>e</strong></span> <span class='ocrx_word' id='word_1_208' title='bbox 623 3621 761 3708; x_wconf 85' lang='lat' dir='ltr'><strong>quibus</strong></span> <span class='ocrx_word' id='word_1_209' title='bbox 793 3625 1088 3699; x_wconf 42' lang='lat' dir='ltr'><strong>materiasossea</strong></span> <span class='ocrx_word' id='word_1_210' title='bbox 1110 3645 1177 3688; x_wconf 66' lang='lat' dir='ltr'><strong>rau.</strong></span> 
     </span>
    </p>
   </div>
   <div class='ocr_carea' id='block_1_13' title="bbox 120 3725 1177 4234">
    <p class='ocr_par' dir='ltr' id='par_1_13' title="bbox 120 3725 1177 4234">
     <span class='ocr_line' id='line_1_32' title="bbox 129 3725 1177 3814; baseline 0.004 -22"><span class='ocrx_word' id='word_1_211' title='bbox 129 3727 272 3794; x_wconf 89' lang='lat' dir='ltr'><strong>diatim</strong></span> <span class='ocrx_word' id='word_1_212' title='bbox 293 3728 482 3814; x_wconf 82' lang='lat' dir='ltr'><strong>excurrit,</strong></span> <span class='ocrx_word' id='word_1_213' title='bbox 505 3728 629 3792; x_wconf 89' lang='lat' dir='ltr'><strong>multa</strong></span> <span class='ocrx_word' id='word_1_214' title='bbox 649 3725 768 3790; x_wconf 85' lang='lat' dir='ltr'><strong>initio</strong></span> <span class='ocrx_word' id='word_1_215' title='bbox 796 3728 974 3814; x_wconf 89' lang='lat' dir='ltr'><strong>linquens</strong></span> <span class='ocrx_word' id='word_1_216' title='bbox 1001 3729 1177 3798; x_wconf 64' lang='lat' dir='ltr'><strong>interstia</strong></span> 
     </span>
     <span class='ocr_line' id='line_1_33' title="bbox 125 3829 1176 3916; baseline 0.002 -22"><span class='ocrx_word' id='word_1_217' title='bbox 125 3832 209 3908; x_wconf 88' lang='lat' dir='ltr'><strong>tia,</strong></span> <span class='ocrx_word' id='word_1_218' title='bbox 234 3850 329 3916; x_wconf 85' lang='lat' dir='ltr'><strong>quae</strong></span> <span class='ocrx_word' id='word_1_219' title='bbox 361 3829 593 3906; x_wconf 72' lang='lat' dir='ltr'><strong>successive,</strong></span> <span class='ocrx_word' id='word_1_220' title='bbox 622 3829 769 3894; x_wconf 85' lang='lat' dir='ltr'><strong>obortis</strong></span> <span class='ocrx_word' id='word_1_221' title='bbox 802 3832 921 3899; x_wconf 86' lang='lat' dir='ltr'><strong>radiis</strong></span> <span class='ocrx_word' id='word_1_222' title='bbox 949 3833 1176 3908; x_wconf 55' lang='lat' dir='ltr'><strong>novimen·</strong></span> 
     </span>
     <span class='ocr_line' id='line_1_34' title="bbox 120 3933 1176 4018; baseline 0.001 -22"><span class='ocrx_word' id='word_1_223' title='bbox 120 3933 306 4015; x_wconf 79' lang='lat' dir='ltr'><strong>&#39;plentur3</strong></span> <span class='ocrx_word' id='word_1_224' title='bbox 328 3933 560 4016; x_wconf 75' lang='lat' dir='ltr'><strong>respondent</strong></span> <span class='ocrx_word' id='word_1_225' title='bbox 579 3940 725 4018; x_wconf 84' lang='lat' dir='ltr'><strong>puncta</strong></span> <span class='ocrx_word' id='word_1_226' title='bbox 746 3940 784 3998; x_wconf 89' lang='lat' dir='ltr'><strong>et</strong></span> <span class='ocrx_word' id='word_1_227' title='bbox 803 3935 905 4004; x_wconf 84' lang='lat' dir='ltr'><strong>radii</strong></span> <span class='ocrx_word' id='word_1_228' title='bbox 926 3935 1062 4000; x_wconf 86' lang='lat' dir='ltr'><strong>lateris</strong></span> <span class='ocrx_word' id='word_1_229' title='bbox 1089 3935 1176 3998; x_wconf 89' lang='lat' dir='ltr'><strong>uni·</strong></span> 
     </span>
     <span class='ocr_line' id='line_1_35' title="bbox 131 4032 1177 4126; baseline 0.003 -28"><span class='ocrx_word' id='word_1_230' title='bbox 131 4055 175 4098; x_wconf 87' lang='lat' dir='ltr'><strong>us</strong></span> <span class='ocrx_word' id='word_1_231' title='bbox 200 4038 313 4102; x_wconf 88' lang='lat' dir='ltr'><strong>alteri</strong></span> <span class='ocrx_word' id='word_1_232' title='bbox 341 4037 554 4123; x_wconf 86' lang='lat' dir='ltr'><strong>plurimum</strong></span> <span class='ocrx_word' id='word_1_233' title='bbox 581 4037 719 4116; x_wconf 83' lang='lat' dir='ltr'><strong>lateri3</strong></span> <span class='ocrx_word' id='word_1_234' title='bbox 736 4038 780 4103; x_wconf 92' lang='lat' dir='ltr'><strong>hi</strong></span> <span class='ocrx_word' id='word_1_235' title='bbox 807 4059 897 4104; x_wconf 83' lang='lat' dir='ltr'><strong>vero</strong></span> <span class='ocrx_word' id='word_1_236' title='bbox 925 4038 1106 4105; x_wconf 85' lang='lat' dir='ltr'><strong>desinunt</strong></span> <span class='ocrx_word' id='word_1_237' title='bbox 1126 4032 1177 4126; x_wconf 79' lang='lat' dir='ltr'><strong>ad</strong></span> 
     </span>
     <span class='ocr_line' id='line_1_36' title="bbox 127 4135 1175 4234; baseline 0.001 -34"><span class='ocrx_word' id='word_1_238' title='bbox 127 4140 278 4205; x_wconf 73' lang='lat' dir='ltr'><strong>variam</strong></span> <span class='ocrx_word' id='word_1_239' title='bbox 310 4141 565 4230; x_wconf 83' lang='lat' dir='ltr'><strong>distantiam,</strong></span> <span class='ocrx_word' id='word_1_240' title='bbox 598 4135 692 4208; x_wconf 85' lang='lat' dir='ltr'><strong>adeo</strong></span> <span class='ocrx_word' id='word_1_241' title='bbox 709 4180 721 4215; x_wconf 90' lang='lat'>‚</span> <span class='ocrx_word' id='word_1_242' title='bbox 752 4146 796 4205; x_wconf 89' lang='lat' dir='ltr'><strong>ut</strong></span> <span class='ocrx_word' id='word_1_243' title='bbox 823 4139 937 4234; x_wconf 79' lang='lat' dir='ltr'><strong>modo</strong></span> <span class='ocrx_word' id='word_1_244' title='bbox 980 4139 1175 4221; x_wconf 74' lang='lat' dir='ltr'><strong>breviores</strong></span> 
     </span>
    </p>
   </div>
   <div class='ocr_carea' id='block_1_14' title="bbox 124 4239 1172 4348">
    <p class='ocr_par' dir='ltr' id='par_1_14' title="bbox 124 4239 1172 4348">
     <span class='ocr_line' id='line_1_37' title="bbox 124 4239 1172 4348; baseline -0.008 -36"><span class='ocrx_word' id='word_1_245' title='bbox 124 4241 226 4322; x_wconf 78' lang='lat' dir='ltr'><strong>siut,</strong></span> <span class='ocrx_word' id='word_1_246' title='bbox 246 4242 399 4338; x_wconf 76' lang='lat' dir='ltr'><strong>jamque</strong></span> <span class='ocrx_word' id='word_1_247' title='bbox 421 4241 637 4332; x_wconf 76' lang='lat' dir='ltr'><strong>longiores,</strong></span> <span class='ocrx_word' id='word_1_248' title='bbox 658 4261 733 4348; x_wconf 80' lang='lat' dir='ltr'><strong>quo</strong></span> <span class='ocrx_word' id='word_1_249' title='bbox 765 4249 990 4328; x_wconf 80' lang='lat' dir='ltr'><strong>suturarum</strong></span> <span class='ocrx_word' id='word_1_250' title='bbox 1018 4239 1172 4328; x_wconf 62' lang='lat' dir='ltr'><strong>tutelli.</strong></span> 
     </span>
    </p>
   </div>
   <div class='ocr_carea' id='block_1_15' title="bbox 0 0 1470 4998">
    <p class='ocr_par' dir='ltr' id='par_1_15' title="bbox 0 0 1470 4998">
     <span class='ocr_line' id='line_1_38' title="bbox 0 0 1470 4998; baseline 0 0"><span class='ocrx_word' id='word_1_251' title='bbox 0 0 1470 4998; x_wconf 95' lang='lat' dir='ltr'><strong> </strong></span> 
     </span>
    </p>
   </div>
  </div>
 </body>
</html>
