2904 4996
255 386 299 454 ea
339 377 426 446 Lus.
446 379 490 446 11.
501 380 592 444 ess.
604 377 702 454 LDr
723 349 843 446 rurr-¹
857 393 991 467 corsr.
1015 377 1115 458 noris
1133 396 1246 446 conr.

258 525 390 592 stituit
409 526 532 610 igitur
541 527 1075 612 menbrebas,cartilegines,
1096 521 1199 604 osse,
1220 548 1306 600 mu·

260 631 383 694 eculos
395 637 465 708 etc,
478 675 488 708 ,
504 629 594 693 aliis
608 630 744 716 utique
754 623 1205 698 substantiisremixtum
1218 653 1228 708 ς
1240 651 1309 714 pu·

255 733 455 799 rissimum
470 737 634 800 occurrit
655 733 697 800 in
715 743 972 802 nervorumet
993 739 1139 812 cerebri
1151 738 1303 804 medul-

257 837 307 902 la.
332 839 510 932 Ostendit
537 827 780 917 bircam,
801 841 924 924 pilos,
948 863 1113 918 cornua,
1132 864 1306 929 ungues,

227 963 231 969 ¹
253 945 506 1032 cartilagines
526 954 596 1014 etc.
620 970 665 1013 ox
683 951 901 1016 totofsrme
923 953 1126 1022 albumine
1146 961 1300 1032 consta-

253 1066 294 1110 re
323 1053 387 1136 ’),
409 1071 571 1138 eamque
603 1045 807 1126 materiem
838 1056 1008 1132 maxime
1041 1063 1299 1141 propagatam

255 1173 335 1220 esse
358 1175 423 1240 per
447 1158 617 1230 animale
638 1176 792 1241 corpus·
909 1173 911 1180 ’

213 1317 217 1324 “
255 1402 259 1410 ἡ
312 1315 527 1382 'Albumen
547 1316 712 1382 fluidum
725 1307 948 1404 e'quaiecile
971 1319 1136 1384 solvitur
1148 1320 1301 1400 ,etism

253 1423 338 1484 tum
349 1459 361 1493 ‚
383 1419 452 1494 ubi
465 1421 652 1504 siccatum¹
664 1423 912 1506 prius-fuerit
929 1468 939 1501 ,
963 1429 1073 1504 perte
1093 1420 1227 1506 aliqua
1242 1447 1305 1512 re-
1382 1484 1386 1496 ,

253 1531 446 1604 manentes
469 1526 604 1590 Galore
618 1545 739 1612 aquae
759 1525 961 1590 bullientis
974 1527 1016 1589 in
1027 1546 1206 1610 spumam
1224 1531 1300 1592 ele-

252 1637 389 1706 vatur,
408 1638 446 1701 ‚at
479 1635 557 1698 coit
591 1635 634 1698 in
661 1653 831 1700 massam
859 1632 1046 1705 solidam,
1072 1633 1303 1714 elesticam,

251 1733 382 1808 albem
404 1745 443 1802 et
466 1757 653 1821 opacam,
674 1756 776 1822 aque
796 1756 874 1800 non
897 1736 1067 1821 emplius
1098 1738 1297 1800 resolven-

252 1837 363 1918 dam3
384 1841 453 1906 ubi
472 1863 562 1906 vero
584 1835 768 1906 albumen
788 1835 955 1902 fluidum
980 1860 1064 1904 cum
1097 1839 1227 1904 decem
1263 1861 1304 1904 a·

251 1958 348 2026 quae
377 1945 555 2027 pertibus
589 1929 777 2020 diluitur{
808 1943 933 2007 calore
959 1945 1158 2019 fervente,
1181 1943 1302 2010 donec

239 2045 461 2132 inspissate
482 2047 603 2112 luerit
623 2048 839 2113 adsertam
859 2055 1010 2131 portem
1035 2050 1181 2114 solutio
1199 2037 1321 2125 ,nan'

249 2155 489 2237 coaguletur.
510 2151 756 2256 §ongelescit
776 2135 871 2217 haec
890 2155 1118 2218 substantia
1149 2169 1304 2240 quoque

251 2255 300 2319 eb
320 2255 518 2330 elcohole,
540 2255 755 2337 n'apbtbis,
777 2254 915 2339 oxydis
935 2245 974 2321 et
993 2257 1141 2325 salibus
1163 2259 1304 2322 metel-

134 2426 138 2435 Ι
250 2341 361 2434 licis,
384 2363 423 2423 et
446 2357 494 2422 ab
521 2357 642 2424 scidis
673 2358 1070 2438 concontratloribus3
1094 2359 1206 2424 acida
1232 2381 1302 2424 au·¹

149 2535 154 2542 ,
251 2467 331 2528 tem
352 2455 565 2530 miserans
582 2466 755 2529 multum
779 2447 1111 2548 dilutacoagulsti
1134 2464 1302 2528 albumi-

119 2603 121 2608 ·
250 2565 311 2630 nis
328 2573 482 2648 purtem
502 2586 631 2636 rursus
652 2568 822 2632 solvunt.
846 2567 1022 2631 Mutatur
1045 2567 1229 2632 albumen
1241 2585 1304 2644 co·

256 2672 480 2750 eguletum,
504 2669 606 2756 quod
626 2669 844 2733 Hercnbrr
870 2667 1015 2732 detexit
1027 2687 1120 2750 ‚ope
1130 2667 1233 2731 acidi
1243 2666 1306 2730 rri-

252 2773 344 2837 trici
369 2755 488 2836 diluti
524 2773 566 2836 in
595 2769 1138 2856 geletinamsconcentratum
1168 2773 1303 2842 eutem

252 2873 293 2938 id
313 2867 489 2955 acidum,
511 2876 635 2937 calore
648 2868 870 2946 accedente,
895 2870 1167 2935 consistentem
1189 2867 1303 2932 elbu-

251 2976 401 3044 minem
414 2995 500 3040 cum
513 2973 807 3040 effervescentia
826 2974 1000 3039 resolvit.
1023 2973 1174 3038 Alcalie
1193 2990 1302 3048 vero,

159 3069 161 3076 ¹
254 3081 424 3172 caustica
440 3077 691 3163 praeprimis,
711 3077 973 3154 substantiam
986 3076 1088 3146 hanc
1110 3073 1303 3139 facillimo

209 3221 213 3230 ι
249 3181 417 3246 solvunt.
442 3182 632 3244 Albumen
653 3178 842 3254 fluidum,
865 3181 906 3246 in
929 3198 1030 3265 aqua
1050 3176 1244 3249 solutum,
1258 3180 1304 3240 ut

205 3313 208 3320 ⁴
248 3283 405 3348 Pnousr
425 3284 636 3366 comperit,
659 3301 725 3366 per
742 3282 922 3348 teninum
947 3281 1228 3365 praecipitatur
1240 3317 1251 3352 ,
1264 3281 1304 3342 et

248 3389 355 3454 sistit
376 3394 460 3452 tum
482 3408 649 3452 messem
671 3386 941 3450 flavescentem
953 3428 964 3461 ,
987 3391 1184 3458 tenacem,
1199 3400 1304 3467 aqua

248 3490 521 3564 insolubilem,
545 3509 643 3574 quae
664 3489 807 3556 siccata
830 3489 933 3551 corio
972 3487 1142 3550 similem
1173 3505 1215 3548 se
1237 3501 1302 3548 ex.-

249 3593 433 3669 hibet‚et
445 3593 644 3678 putredini
661 3591 806 3676 optime
829 3590 989 3655 resistit.
1012 3589 1200 3654 Putrescit
1220 3607 1305 3651 me-

138 3709 140 3725 '
249 3695 365 3761 terias
388 3693 638 3759 albuminosa
657 3693 699 3758 in
730 3697 836 3758 statu
865 3691 985 3756 fluido
1016 3709 1131 3766 mox,
1155 3689 1304 3751 siccata

250 3804 383 3863 eutem
406 3816 546 3880 equam
565 3793 669 3859 haud
690 3792 748 3858 ite
776 3795 944 3860 attrahit
976 3797 1020 3856 ut
1051 3769 1186 3876 glutiri
1198 3834 1211 3867 ,
1233 3805 1302 3854 nec

250 3905 333 3966 tam
354 3901 470 3964 focile
495 3895 769 3979 corrumpitur.

334 4069 516 4138 Continet
536 4065 758 4138 substantie
775 4064 870 4129 haec
889 4059 1040 4146 aliquid
1062 4058 1108 4126 de
1138 4057 1303 4164 sulphu-

252 4189 315 4240 re:
335 4193 427 4266 nam
446 4174 716 4256 sulphur-etum
735 4167 920 4255 argentis
941 4167 1138 4233 solutione
1159 4163 1299 4228 metel-

255 4281 285 4344 li
304 4279 443 4352 istius,
465 4278 536 4344 ubi
553 4275 738 4344 albumen
772 4272 955 4354 additur,
981 4270 1265 4375 praecipitatur
1287 4312 1302 4350 ,
