2920 4998
401 200 407 236 l

271 369 440 444 saulm-
452 365 499 434 11.
512 366 602 430 caes
622 366 668 430 11.
679 367 738 430 De
756 377 844 472 epm
864 381 961 434 nusi.
976 361 1273 440 conmissum.

196 591 198 598 y
273 509 397 583 luloe'o
410 511 942 597 injecta,intlammationem
962 513 1151 580 suscitant
1171 523 1210 584 et
1229 537 1325 603 sup-

275 617 544 703 perationem
555 612 737 696 idipsum
762 613 857 676 facit
874 613 1114 680 infiltratum
1136 618 1238 684 circa
1254 643 1322 686 ve

275 724 397 790 sicam
409 719 576 794 lotium,
587 723 625 782 et
636 701 741 782 bsl1s
738 717 893 792 ,urina,
906 737 974 800 pus
998 725 1065 783 etc.
1057 759 1078 794 .,
1093 738 1188 805 quae
1200 722 1240 786 in
1259 743 1325 788 ca·

274 840 368 896 vum
393 819 627 887 abdominis
647 815 789 894 effusa,
818 819 940 882 ferme
972 841 1121 904 semper
1152 830 1321 888 mortem
1451 817 1452 838 ¹

275 923 481 990 adducunts
516 923 679 986 Possunt
702 927 836 984 tamen
862 921 956 985 bilis
969 939 993 998 ,’
1011 925 1137 988 saliva
1168 932 1205 992 et
1233 947 1323 992 mu·

277 1047 341 1092 cus
354 1069 365 1104 ,
387 1046 501 1110 aqua.
517 1024 643 1107 diluta
664 1067 676 1102 ,
704 1027 818 1109 atque
849 1024 1005 1102 urina,
1024 1031 1068 1090 ut
1098 1027 1252 1094 Bscaar
1278 1030 1324 1094 in

276 1130 437 1195 cunibus
472 1125 625 1208 saepius
657 1124 849 1202 tentatit‚
873 1124 955 1189 sine
986 1129 1123 1192 mortis
1142 1119 1322 1212 periculo

274 1233 319 1297 in
348 1249 464 1296 venas
496 1233 535 1293 et
565 1227 726 1306 arterias
756 1224 889 1309 injici,
922 1228 1051 1293 modo
1074 1230 1238 1309 vitatur,
1273 1255 1328 1297 ne
1451 1305 1452 1308 Ἴ

273 1336 405 1401 bullae
424 1334 564 1398 abraae
574 1329 691 1394 simul
714 1329 969 1412 impellantur
980 1371 991 1405 ,
1011 1351 1107 1430 neve
1126 1333 1231 1398 latex
1248 1337 1326 1399 he

229 1472 233 1479 ·
273 1444 523 1520 terogeneus,
544 1403 751 1517 antequam
784 1431 986 1514 pulmones
1022 1434 1239 1517 trajecerit,
1271 1439 1325 1504 ad

275 1537 514 1621 encepbalon
534 1533 816 1619 laestingaeu).
839 1534 1091 1602 Manifestum
1111 1536 1322 1622 igiturest,

277 1640 382 1729 quod
401 1636 536 1722 secreti
554 1637 769 1702 humores
757 1656 808 1702 sn,
830 1637 1030 1720 sanguinis
1064 1657 1230 1705 massam
1259 1665 1322 1707 re-

279 1744 377 1826 cipi,
399 1760 557 1827 cumque
576 1759 643 1814 ea,
669 1731 1006 1804 donec'differente
1032 1740 1234 1823 priventur
1252 1743 1316 1812 in-

275 1847 385 1923 dole,
406 1843 538 1924 aliquo
562 1847 736 1926 tempore
758 1839 960 1907 circumire
986 1844 1149 1925 possint.

357 2015 456 2077 Vasa
476 2011 729 2076 absorbentia
751 2008 1023 2096 glandularum
1054 2012 1322 2097 reproduc'tio-

276 2117 320 2183 ni
349 2127 428 2182 non
458 2112 751 2188 mod-o,vesum
783 2119 821 2177 et
856 2113 931 2196 ipsi
962 2113 1080 2178 etium
1114 2118 1323 2182 secretioni

275 2221 489 2310 plurimum
514 2217 772 2302 opitulantur,
814 2217 977 2300 copiosa
1006 2217 1137 2299 baim,
1164 2229 1208 2288 ut
1236 2226 1323 2288 ΜΛ.

278 2339 417 2390 sessus
439 2328 476 2385 et
496 2322 754 2385 Caumsussx
784 2318 1058 2396 ostenderunt,
1081 2328 1170 2404 tum
1193 2324 1237 2387 in
1258 2347 1322 2390 su-

276 2426 454 2514 perficie,
478 2429 563 2490 tum
593 2421 740 2486 inimo
768 2441 904 2486 renum
932 2430 969 2488 et
1003 2425 1157 2509 hepatis
1185 2411 1323 2521 parem

277 2531 485 2615 chymate,
513 2531 595 2590 arte
616 2524 756 2606 repleri
775 2533 935 2609 possunt
957 2529 1199 2614 lymphatica
1227 2553 1322 2600 vasa

277 2633 347 2716 a),
370 2639 501 2717 estque
519 2626 706 2714 lympha,
730 2646 826 2714 quae
860 2629 902 2692 in
929 2621 1122 2714 hepaticis
1147 2627 1322 2702 contine·

277 2741 343 2800 tur
362 2728 552 2805 vasculis,
571 2728 673 2795 flavo
695 2730 822 2795 colore
842 2729 978 2801 tincta.
1036 2789 1039 2802 ,

297 2877 607 2961 Paucioribus'
641 2856 847 2982 glandulae
881 2887 1160 2964 instruuntur
1166 2903 1320 2982 nervis,

279 2998 346 3090 qui
367 2999 521 3092 partim
535 2997 584 3062 ad
606 2999 816 3062 cerebralee
828 3040 840 3074 ,
858 2983 1004 3082 parlim
1025 3021 1113 3066 vero
1133 3002 1182 3067 ad
1210 3025 1321 3090 orga-

255 3092 385 3170 ‘moos
403 3102 615 3186 pertinent
648 3101 862 3169 Glandulae
894 3102 1144 3190 lacrymales,
1175 3106 1321 3172 saliva·

279 3209 335 3274 les
358 3213 395 3272 et
415 3205 596 3271 tonsillae
624 3203 740 3272 merie
759 3205 881 3269 ferme
903 3207 1157 3272 cerebralibus
1187 3211 1320 3293 provi·

277 3315 418 3392 uentan-
438 3307 709 3387 ramisetestes
718 3351 730 3388 ,
742 3307 927 3392 glandula
942 3315 1119 3392 prostata
1141 3317 1179 3378 et
1191 3313 1320 3398 *hepar

276 3420 327 3484 ab·
345 3413 511 3500 utroque
531 3419 742 3501 systemate
763 3433 898 3479 nervos
925 3416 1187 3499 participant3
1210 3417 1318 3484 deni*
1449 3403 1450 3454 ἶ

276 3535 350 3606 que
370 3517 577 3602 glandulae
595 3517 816 3598 muciparae
835 3517 1039 3602 pleraeque
1059 3523 1097 3582 et
1109 3539 1218 3584 renes
1239 3541 1322 3588 me·

273 3639 339 3687 ros
360 3619 480 3684 ferme
497 3613 696 3700 accipiunt
716 3617 962 3700 gangliorum
987 3625 1026 3684 et
1043 3620 1226 3704 plexuum
1257 3645 1320 3690 ra

276 3735 374 3787 mos
413 3718 607 3784 Accedunt
649 3721 850 3800 praeterea
886 3740 1095 3786 nervorum
1134 3723 1321 3804 reticula,

278 3842 378 3910 quae
399 3819 555 3885 arteriis
585 3805 840 3904 implicentur
873 3817 938 3923 (§
961 3823 1195 3911 1511.),cum
1223 3825 1320 3910 ipsis

264 3927 341 3992 'his
371 3926 475 3990 uasis
504 3923 779 4008 glandularum
808 3928 1073 4013 perenchyma
1099 3930 1318 3998 subeuntis,

274 4026 417 4102 Eadem
431 4027 556 4090 'ferme
577 4023 750 4100 ratione,
767 4032 812 4090 ut
833 4029 1021 4102 arteriae,
1042 4031 1153 4096 nervi
1174 4051 1319 4117 organa

272 4131 463 4202 accedunt
496 4127 737 4197 secernentie
751 4171 766 4210 ,
794 4129 1038 4198 disamantur
1076 4131 1119 4196 in
1147 4136 1318 4202 surculos
1449 4171 1450 4188 κ
