2902 4996
758 223 765 262 Ι
802 213 810 222 .

158 395 161 416 ’
263 437 349 522 ,Βιό
371 427 1111 506 er.·11.cae.11'1.lucarum-'erectam
1132 445 1293 519 music,

735 587 767 658 §-
808 594 883 662 ²33·

297 839 312 860 ..
411 765 1206 872 Processuslisinnias-vitalis.

368 926 873 996 Omnemvitaeuniversae
904 946 947 990 ac
973 911 1203 992 individuae
1232 945 1324 1010 pro·
1429 996 1432 1013 Ι

284 1050 433 1096 cassum
453 1051 521 1116 per
539 1031 687 1096 virium
720 1028 1051 1096 contractivarum
1077 1033 1115 1092 et
1141 1030 1324 1112 expansi·

287 1157 428 1202 varum
448 1134 737 1220 oppositionem
758 1131 939 1198 suscitari
961 1132 1009 1214 (§.
1027 1131 1097 1216 67.)
1109 1170 1122 1204 ,
1143 1129 1326 1216 ipsasque
1428 1122 1432 1143 '

287 1242 407 1324 etiam
428 1240 569 1306 vitales
587 1239 688 1303 vires
706 1237 914 1302 nihil-esse
934 1233 1062 1310 aliud,
1094 1253 1210 1319 quam
1239 1254 1325 1298 mo·
1426 1222 1431 1305 Ξ

286 1343 488 1426 dificatam
509 1317 802 1426 primitiiarum
823 1339 970 1403 virium
990 1335 1185 1420 enargiam
1209 1333 1327 1420 (§.63.
1426 1364 1430 1389 ι

282 1449 384 1534 64.),
404 1450 682 1532 praecepimus.
711 1445 853 1512 Eadem
885 1435 1016 1516 autem
1043 1449 1189 1514 virium
1221 1447 1329 1511 actio

283 1552 328 1620 in
348 1554 625 1638 phoenomenis
638 1549 878 1618 (ialvanicae
889 1553 1155 1620 electricitatis
1165 1553 1230 1643 vel
1241 1571 1325 1616 ma·

285 1655 390 1722 xime
411 1650 707 1731 manifestatur,
730 1653 849 1731 adeo,
871 1660 914 1719 ut
926 1656 1079 1722 nullum
1098 1657 1151 1722 sit
1160 1655 1326 1724 dubium

286 1757 542 1826 efficientiam
564 1759 665 1826 hanc
688 1757 926 1842 peculiarem
946 1774 1026 1824 essa
1047 1757 1253 1829 conflictus
1267 1784 1331 1827 ea·

284 1860 451 1949 rundem
469 1845 614 1932 virium
635 1861 806 1926 modum.
829 1862 941 1925 Ultra
963 1867 1093 1926 autem
1112 1863 1331 1947 procedunt

285 1961 370 2027 cell.
400 1969 561 2028 naturae
594 1969 850 2039 scrutatores,
879 1961 920 2027 id
946 1962 1202 2040 arbitrantes,
1229 1967 1333 2052 quod

287 2065 464 2130 omnium
486 2066 713 2134 caelestium
725 2051 1017 2132 at'terrestrium
1031 2059 1231 2152 corporum'
1246 2091 1331 2135 mu·
1426 2048 1429 2073 Ι

285 2173 355 2233 tua
374 2172 475 2236 actio
495 2191 564 2256 per
583 2169 829 2236 Galvanismi
850 2169 1008 2235 modum
1027 2171 1235 2256 praecipue
1268 2193 1331 2238 ac·

285 2271 415 2350 cidat,
449 2273 626 2362 quodque
658 2273 872 2338 efficientia
901 2273 995 2338 haec
1034 2275 1330 2363 primariam

240 2420 243 2434 .
282 2375 629 2443 fermaconetituat
640 2395 810 2453 causam,
821 2381 983 2441 naturae
996 2379 1198 2444 universae
1208 2380 1332 2464 phae-

248 2543 252 2550 .
283 2499 453 2566 nomena
474 2483 725 2548 suscitantem
745 2487 783 2548 et
794 2481 1085 2568 gubernantem.
1109 2481 1252 2548 Dicunt
1262 2506 1332 2550 au·
1351 2487 1354 2497 “

283 2587 367 2646 tem
389 2587 526 2648 cuncta
546 2582 676 2650 edesse
700 2586 743 2650 in
761 2589 926 2648 naturae
946 2583 1169 2666 corporibus
1199 2587 1328 2664 adrni-

173 2761 176 2766 .
285 2685 442 2764 nicula,
465 2704 561 2771 quae
577 2705 650 2770 pro
669 2684 902 2752 suscitandis
935 2686 1160 2754 Galvanicis
1196 2685 1328 2773 requi·

161 2833 171 2858 .
280 2793 419 2854 runtur
439 2790 717 2876 phoenomenis
730 2795 749 2852 ε’
764 2792 907 2866 solem,
932 2790 1064 2854 lunam
1086 2795 1124 2854 et
1144 2791 1329 2856 tellurem

237 2911 240 2918 ·
283 2895 437 2958 variam
454 2895 598 2960 habere
612 2915 701 2981 erga
718 2897 962 2980 oxygenium.
972 2893 1218 2973 relationem,
1230 2913 1325 2980 qua·

284 3000 417 3064 litatae
436 3000 617 3085 physicas
639 3007 676 3064 ‘et
700 3000 893 3066 chemicas
920 2997 1117 3081 possidere
1146 2997 1326 3064 differen-

224 3097 228 3102 “
282 3107 493 3189 las,atque
515 3103 708 3168 actionem
729 3108 906 3174 mutuam
935 3100 985 3166 ad
1013 3099 1220 3165 distantias
1244 3121 1327 3164 ma·

283 3205 410 3293 joras,
432 3227 528 3293 quae
548 3227 618 3288 pro
643 3225 717 3270 cos
732 3207 860 3271 mico
882 3227 925 3268 eo
947 3203 1159 3290 requiritur
1179 3203 1324 3270 Galva·

279 3311 431 3392 nismo,
454 3311 680 3396 possibilem
703 3309 862 3376 omnino
888 3331 966 3374 esse
985 3311 1039 3395 ¹⁸).
1062 3309 1144 3373 Non
1168 3307 1327 3390 quidem

281 3401 534 3490 dubitamus,
555 3411 759 3478 adsiduam
790 3409 962 3477 accidere
992 3411 1034 3476 in
1065 3416 1209 3481 natura
1238 3411 1327 3476 uni·

179 3507 180 3517 ’
280 3534 393 3580 versa
414 3521 452 3580 el
475 3515 679 3601 quibusvis
701 3515 1156 3598 corporibusindividuis
1179 3515 1327 3586 virium

280 3617 628 3698 permutationem,
651 3637 726 3704 qua
747 3617 963 3681 Galvanica
984 3619 1217 3701 prolicietur
1240 3619 1327 3684 effi-

278 3719 447 3798 cientia3
469 3741 548 3785 non
567 3729 703 3787 tamen
722 3721 807 3786 ideo
823 3724 1059 3805 peculiarem
1079 3726 1185 3790 hunc
1203 3729 1327 3811 dyne-

279 3821 427 3884 micum
452 3842 670 3905 processum
686 3807 708 3902 ,ἴ
720 3825 786 3911 qui
809 3826 1020 3909 specialem
1043 3826 1233 3892 duntaxat
1259 3849 1326 3894 na·

212 3991 215 3998 ,
278 3923 469 3988 turalium
492 3927 848 4008 phaenomenorum
880 3927 1060 4003 ordinem
1081 3929 1322 4004 constituit,

278 4033 350 4112 pro
370 4045 548 4108 suprema
567 4028 799 4094 habebimus
824 4030 931 4094 vitae
959 4023 1164 4094 uniiersae
1195 4051 1324 4098 causa.

362 4189 486 4274 Magis
508 4209 577 4256 nos
600 4191 752 4259 adtinet
772 4195 954 4279 analogia
980 4215 1023 4258 ea
1036 4235 1046 4269 ,
1080 4213 1179 4282 quae
1212 4197 1317 4262 inter

280 4287 421 4356 vitales
451 4311 657 4380 corporum
683 4302 947 4368 animatorum
977 4300 1078 4370 uires
1117 4307 1155 4366 at
1195 4299 1321 4386 ipsum
