2904 4996
292 415 333 480 oe
375 373 518 469 ure'n.
531 393 662 464 canl.
677 398 735 462 Dr
755 411 874 461 rrrr.
894 409 1029 462 conse.
1050 389 1285 465 raulcone

377 527 582 630 Separatur
611 542 759 608 fibrosa
793 533 997 628 sanguinis
1030 563 1118 628 pers
1146 565 1170 608 e
1206 565 1342 612 cruore

293 646 456 716 (liversis
478 647 547 712 sub
580 645 886 716 circumstantiis
908 665 977 708 sua
996 653 1132 732 sponte
1160 667 1337 735 quoque:

290 757 492 832 praesente
511 751 697 816 videlicet
717 753 861 818 morbo?
880 751 1213 835 inflammatorio,
1238 757 1342 840 apud

291 857 460 925 feminas
496 857 702 943 gravidos,
726 858 768 924 in
799 859 979 922 scorbuto
1013 860 1132 924 etiam
1163 867 1201 943 et
1234 863 1342 928 febre

288 959 470 1043 putrida,
492 979 580 1042 pers
612 959 759 1023 fibrosa
780 960 981 1043 placentae
1011 981 1034 1024 a
1062 983 1196 1028 cruore
1227 987 1341 1050 saepe

290 1063 530 1148 rejungitur5
553 1061 727 1142 subsidet
749 1067 842 1126 tunc
863 1064 983 1134 rubra
1002 1068 1203 1150 sanguinis
1226 1090 1342 1154 pars,

293 1174 330 1232 et
352 1169 517 1256 lympha
539 1165 811 1252 coagulabilis,
833 1167 1012 1251 specifice
1039 1171 1187 1249 levior,
1209 1193 1342 1256 super·

294 1272 401 1339 ficiei
433 1273 616 1347 innatat,
647 1275 761 1356 atque
797 1272 1002 1356 coagulata
1032 1273 1269 1340 albicantem
1303 1282 1343 1340 et

293 1375 415 1442 variis
450 1374 644 1439 coloribus
680 1372 879 1458 ludentem
912 1375 1118 1440 constituit
1148 1381 1343 1444 membre·

292 1459 529 1564 nam,quae
559 1483 735 1542 crusta
767 1477 1216 1559 inflemmatoria,
1239 1483 1342 1548 lar·

295 1582 451 1647 decen
473 1587 540 1646 a'ut
572 1579 859 1664 pleuritica
892 1581 969 1647 dici
999 1587 1108 1650 solet.
1143 1588 1342 1671 Dependet

296 1692 423 1748 autem
447 1689 596 1750 crustae
618 1685 732 1749 istius
753 1686 1007 1751 consistentia
1027 1694 1065 1753 et
1093 1692 1288 1756 cressities
1319 1712 1343 1756 a

294 1787 421 1851 morbi
442 1787 568 1852 stadio
589 1793 627 1852 ot
647 1787 914 1863 vehementia,
933 1809 956 1851 a
975 1795 1237 1876 temperatura
1252 1813 1342 1858 ean·
1443 1795 1444 1854 ζ

293 1887 446 1973 guinis,
476 1911 500 1954 a
528 1890 701 1958 vulneris
734 1874 1003 1974 magnitudine
1032 1898 1070 1957 et
1097 1895 1234 1972 vasis,
1266 1916 1340 1983 quo

296 1993 452 2080 sanguis
467 2084 470 2097 1
484 1993 760 2078 intercipitur,
788 1993 1046 2078 amplitudine
1068 2015 1111 2060 ac
1133 1998 1338 2081 profundi-

295 2103 390 2162 tate.

376 2241 543 2306 Multum
563 2240 644 2323 jam
664 2237 904 2322 disputatum
922 2241 999 2307 fuit
1021 2241 1068 2306 de
1095 2263 1207 2308 causa
1218 2290 1230 2322 ‚
1255 2267 1341 2311 cru-

294 2349 375 2410 stae
396 2344 654 2432 phlogisticae
678 2349 805 2408 ortum
826 2346 1032 2428 praebente
1051 2347 1112 2434 b).
1134 2349 1250 2415 Varia
1271 2371 1339 2414 au·

295 2454 374 2511 tem
397 2469 477 2512 esse
496 2452 675 2531 possunt,
696 2435 838 2532 quibus'
858 2447 898 2510 id
919 2447 1085 2513 efficitur
1098 2495 1108 2525 ‚
1122 2455 1165 2514 ut
1184 2470 1341 2514 norma·

295 2550 332 2613 le
352 2551 455 2616 inter
478 2549 684 2634 lympham
715 2549 993 2631 coagulabilem
1019 2539 1218 2614 et'rubras
1249 2571 1341 2616 sen·

294 2650 424 2736 guinis
445 2646 663 2736 particulas·
680 2649 876 2726 minuatur
899 2650 1120 2724 vinculum,
1143 2669 1216 2734 quo
1241 2651 1341 2740 istae

296 2753 474 2818 deorsum
504 2751 728 2838 gravitant,
751 2751 898 2816 fibroea
926 2758 1035 2836 parte
1067 2753 1108 2816 in
1136 2753 1341 2834 superficie

296 2861 509 2924 contrecta.
531 2857 606 2922 Ubi
628 2855 954 2921 inflammatorius
985 2859 1092 2922 adest
1114 2863 1235 2922 statue
1248 2904 1259 2938 ,
1280 2861 1341 2922 vi-

292 2960 386 3046 talis
413 2960 570 3046 energia
591 2960 633 3026 in
656 2959 831 3044 partibus
853 2979 930 3023 non
958 2958 1072 3022 modo
1093 2959 1250 3038 solidis,
1273 2985 1341 3025 ve·

295 3086 382 3130 rum
400 3067 442 3130 in
460 3065 546 3149 ipso
568 3065 688 3128 etium
709 3063 896 3146 sanguina
919 3065 1215 3146 augetur‚unde
1239 3066 1341 3148 lym·

292 3168 373 3254 pha
395 3167 648 3254 coagulabilis
660 3211 672 3244 ,
696 3172 831 3250 utpote
851 3186 938 3249 pars
967 3165 1134 3229 maxime
1154 3167 1338 3230 animali·

293 3276 381 3337 sata
403 3274 454 3358 (ς.
477 3270 569 3360 101.)
581 3313 591 3348 ‚
615 3269 808 3360 majorem*
825 3267 968 3351 accipit
990 3267 1038 3331 ad
1057 3269 1116 3332 sui
1135 3270 1338 3333 formatio-

177 3439 180 3446 ,
293 3393 384 3440 nem
404 3375 553 3452 nisum3
575 3375 717 3438 nititur
736 3369 851 3436 modo
871 3371 1039 3455 reliquas
1061 3372 1230 3436 deserere
1248 3357 1346 3437 san-¹

295 3480 424 3566 guinis
443 3483 726 3564 partes‚semet
746 3478 876 3562 ipsam.
888 3475 1056 3540 formare
1077 3477 1170 3539 etin
1192 3481 1337 3539 statum
1440 3545 1441 3550 ἵ

296 3585 462 3651 transire
484 3584 669 3678 solidumW
697 3578 789 3647 lnde
810 3581 930 3644 etiam
960 3571 1032 3656 fit,
1054 3578 1157 3643 utin
1189 3580 1335 3643 morbis
1440 3593 1441 3604 ¹

293 3687 537 3772 phlogisticis
575 3685 758 3749 exhalata
789 3703 833 3746 ex
862 3681 1056 3746 arteriolis
1087 3680 1337 3762 capillaribus

294 3789 457 3873 lympha
475 3779 671 3853 facillime?
687 3785 908 3868 coaguletur
920 3825 931 3860 ‚
943 3783 1058 3868 inque
1079 3787 1249 3849 texturas
1269 3805 1337 3849 ve·

294 3883 960 3975 rias'(pseud0membranas)
985 3886 1197 3964 formetur3
1220 3886 1278 3950 ita
1299 3891 1337 3950 et

294 4013 397 4059 nova
416 3995 660 4068 formantur,
683 3996 726 4054 ut
747 3989 1087 4054 Gruithuisen
1106 3990 1217 4053 novis
1248 4009 1338 4055 con·

293 4088 472 4174 firmevit
491 4093 827 4166 observationibus
841 4095 882 4179 c)
896 4137 907 4172 ,
920 4094 963 4158 in
981 4095 1158 4178 partibus
1181 4095 1338 4160 inflem-

294 4197 411 4265 matis
430 4220 450 4262 e
468 4199 631 4286 lympha
652 4196 888 4280 coagulabili
909 4216 1014 4262 vasa.
1037 4198 1184 4264 Similis
1208 4199 1337 4282 dispo·

293 4304 385 4372 sitio
407 4305 574 4376 fibrosae
595 4306 794 4392 sanguinis
815 4307 937 4392 pertis
960 4306 1001 4372 in
1030 4311 1136 4374 stetu
1164 4305 1334 4396 gravidi·
1438 4365 1439 4370 ,
