2904 4996
533 221 549 254 N

272 297 316 426 34
356 303 442 407 in.
463 334 508 406 11.
521 337 611 404 Cir.
621 336 648 402 1.
669 337 728 402 nn
752 351 869 402 esar.
891 350 1027 406 cortes.
1047 354 1144 404 aurs.
1168 313 1277 408 coar.

170 537 173 545 .
270 485 399 569 pleat,
427 477 585 548 omnino
616 477 854 553 necessaria,
882 479 982 563 quod
1016 478 1112 544 duae
1142 488 1211 548 aut
1240 489 1318 550 tres

270 588 417 654 cruoris
430 587 551 658 librae
562 624 574 660 ,
585 571 714 656 subito
727 580 889 646 amissae
907 583 1139 666 ostendunt;
1153 606 1318 672 sequun-

268 698 333 756 tur
366 689 468 756 enim
497 689 723 764 suhitaneas
753 687 1071 772 haemorrhagiae
1106 690 1230 755 animi
1252 691 1317 757 de.

179 829 183 840 «
270 792 421 878 liquia,
449 793 602 878 aliaque
634 788 769 874 gravia
803 795 1089 873 symptomata3
1122 813 1191 859 nec
1226 815 1318 860 rara

222 969 226 976 ⁴
267 901 448 980 prostant
467 898 668 980 exempla,
688 895 758 958 ubi
779 894 955 978 perditae
976 896 1129 983 aliquot
1159 901 1326 986 sangui··

268 997 331 1062 nis
354 997 481 1064 librae
504 1003 669 1064 mortem
689 999 931 1077 attulerunt,
946 1003 1031 1062 tum
1053 999 1116 1062 vel
1134 1002 1316 1078 maxima,

270 1119 357 1181 eum
392 1123 410 1166 e
441 1103 547 1190 laesa
577 1099 773 1166 fluxerunt
794 1100 950 1166 arteria.
995 1101 1130 1185 Ingens
1161 1123 1253 1168 vero
1282 1113 1322 1174 et

268 1197 513 1286 incredibilis
545 1205 667 1268 ferme
697 1201 775 1286 ejus
808 1202 985 1268 humoris
1022 1203 1132 1288 perdi
1164 1212 1319 1288 potest,

267 1309 353 1386 eine
376 1305 616 1371 immediato¹
628 1305 734 1370 vitae
755 1302 980 1370 discrimine
992 1346 1003 1380 ,
1017 1306 1214 1392 quantitas
1226 1351 1237 1385 ,
1248 1311 1318 1376 ubi

269 1414 311 1478 id
329 1399 568 1496 'pedetentim
585 1409 724 1506 accidit
738 1431 748 1489 3
763 1429 807 1472 ea
826 1407 980 1494 quidem
1003 1407 1047 1472 de
1068 1413 1318 1500 causa,quod

269 1515 399 1580 medio
417 1519 591 1598 tempore
611 1513 751 1578 humor
772 1510 974 1594 reproduci
995 1514 1141 1594 possit,
1166 1521 1205 1578 et
1225 1536 1321 1582 vasa

268 1600 422 1700 tempus
442 1613 734 1692 nanciscantur,
753 1635 827 1700 quo
858 1616 1086 1681 contrahere
1107 1623 1229 1684 semet
1249 1639 1318 1683 va·

269 1719 399 1796 leant,
420 1724 459 1784 et
487 1716 680 1785 volumini
706 1717 908 1803 sanguinis
938 1717 1133 1810 diminuto
1163 1719 1319 1788 adcom-

268 1825 439 1891 modare.

350 1995 424 2061 Nec
442 1991 566 2061 volu
581 2008 620 2059 m
633 2017 652 2058 e
663 2013 689 2057 n
710 1993 934 2078 sanguinis,
955 1993 1124 2057 multum
1154 1994 1315 2059 omnino

267 2101 489 2166 inconstans
502 2098 682 2175 ,definiri
701 2103 851 2180 potest‘.
864 2099 1074 2194 expansiva
1089 2100 1192 2163 anim
1206 2120 1316 2164 eruo-
1368 2153 1373 2166 .
1435 2137 1436 2144 κ

246 2205 322 2270 -ris
342 2201 402 2270 vis
422 2226 445 2270 a
471 2205 599 2268 calore
620 2195 765 2278 libero,
786 2203 834 2266 ab
859 2202 1006 2266 externi
1032 2203 1131 2268 airis
1152 2193 1317 2286 pressio·

267 2325 316 2372 ne
347 2313 385 2372 et
406 2329 429 2372 a
461 2308 652 2371 mixtione
670 2306 749 2390 ejus
780 2305 979 2390 dependet.
1017 2306 1197 2373 Videmus
1222 2309 1315 2373 hinc

266 2409 490 2494 sanguifera
518 2429 613 2473 vasa
643 2415 820 2493 turgere,
844 2409 1106 2501 membrorum
1129 2410 1315 2476 volumen

267 2515 403 2599 augei-i
415 2554 426 2588 ,
448 2518 485 2576 et
506 2513 627 2576 cutim
646 2515 787 2578 rubore
818 2511 1012 2589 suffundi,
1039 2515 1107 2578 ubi
1130 2515 1316 2585 animalis

266 2623 530 2700 temperatura
547 2637 614 2699 per
634 2635 764 2680 causas
785 2621 959 2680 externas
982 2617 1044 2678 vel
1065 2617 1236 2680 internas
1255 2616 1319 2680 in·

265 2712 452 2783 tenditur.
490 2717 616 2792 Pallet
645 2740 664 2781 e
697 2737 880 2782 converso
912 2717 1035 2792 cutis,
1067 2718 1317 2788 collabuntur

265 2803 362 2886 vasa
381 2819 625 2903 sanguifera,
646 2823 684 2882 et
704 2817 878 2884 concidit
897 2820 1032 2882 vitalis
1056 2826 1190 2904 turgor
1209 2823 1312 2885 calo·

263 2941 305 2986 re
336 2921 559 2986 imminuto.
592 2922 686 2986 Cum
716 2921 961 3006 exygenium
980 2922 1253 2999 contractivis,
1277 2931 1316 2988 et

212 3099 214 3104 ,
264 3023 790 3107 inflammabileexpansivis
818 3025 1074 3107 praevaleant
1095 3026 1246 3094 viribus
1269 3029 1316 3110 (ς.
1339 3085 1346 3100 ,

262 3121 341 3218 7.),
363 3127 411 3192 ab
435 3126 576 3192 horum
599 3126 884 3210 principiorum
915 3127 1190 3222 proportione,
1214 3150 1313 3216 quae

197 3263 200 3272 ¹
262 3230 410 3296 mutari
430 3221 500 3314 per'
524 3248 655 3294 causas
685 3229 812 3293 varias
840 3232 993 3312 potest,
1013 3229 1195 3296 volumen
1225 3254 1316 3298 san.

263 3333 392 3419 guinis
413 3330 627 3416 plurimum
654 3330 949 3395 determinatur.
973 3331 1064 3394 Inde
1085 3334 1203 3398 etiam
1232 3328 1315 3412 est,

152 3417 156 3428 ¹
265 3436 367 3524 quod
387 3435 595 3500 arteriosus
625 3427 783 3518 sanguis
805 3453 946 3496 venosa
986 3423 1120 3519 magis
1143 3439 1196 3501 sit
1224 3458 1315 3502 con·

169 3521 171 3528 ¹
262 3535 426 3605 tractus.
459 3537 606 3603 Pressio
638 3535 804 3621 denique
837 3537 935 3601 a‘e'ris
963 3541 1133 3616 externi,
1157 3542 1314 3628 ejusque

267 3644 429 3709 elastica
458 3643 542 3720 vis',
569 3646 685 3725 prout
713 3645 828 3704 aucta
848 3641 968 3729 fuerit
989 3649 1056 3705 aut
1078 3644 1313 3722 imminuta,

196 3763 198 3769 ·
265 3746 539 3832 expansionem
559 3742 759 3827 sanguinis
776 3743 863 3826 plus
877 3744 939 3808 vel
962 3744 1090 3809 minus
1108 3747 1315 3824 limitabit.

349 3901 600 3971 Constantior
624 3905 755 3964 autem
771 3906 829 3980 est
852 3901 996 3967 calor
1017 3904 1234 3988 sanguinis,
1248 3905 1315 3992 qui

265 4033 334 4100 per
356 3991 487 4078 causas
508 4012 707 4080 externas,
731 4005 851 4070 donec
879 4005 1014 4070 vitalis
1046 4009 1154 4072 adest
1175 4011 1314 4094 vigor,

265 4138 346 4184 non
378 4111 503 4178 multo
535 4113 721 4179 mutatur.
754 4107 939 4172 Consistit
960 4114 1089 4174 autem
1110 4113 1314 4197 sanguinis

264 4223 532 4306 temperatura
545 4213 588 4280 in
605 4213 764 4280 homine
780 4233 875 4294 sano
899 4213 1004 4277 intra
1024 4229 1181 4295 97-100.
1196 4215 1310 4282 Fahr.
