2920 4998
277 405 422 472 eostre.
436 405 478 468 ll.
501 406 589 469 Gar.
603 405 648 466 11.
659 403 720 466 Da
733 413 820 483 osu.
834 417 931 472 nou.
947 375 1065 470 coar.
1088 403 1257 490 siarum.
1300 483 1302 492 ,

249 547 634 629 infrequentes-sunt
659 545 702 606 in
733 544 925 631 musculis
945 544 1140 627 internis,
1167 555 1300 634 perui.

154 718 158 727 ,
253 653 379 718 ciosae
413 649 626 733 plurimum
659 647 805 713 indolis
825 677 844 723 ,¹
865 648 1299 745 rarius-suppuratione

250 759 318 820 aut
343 749 591 824 induuatione
617 795 628 826 ,
661 752 902 844 frequentius
932 775 1021 819 vero
1061 757 1303 846 resolutione

254 855 443 942 benigna,
460 857 521 920 vel
543 855 626 918 dira
651 872 870 939 gangraena
890 860 1170 944 terminandae,

357 999 623 1073 srenausaug.
642 972 729 1057 asar.
746 999 786 1054 u.
804 1013 827 1053 ι.
848 1017 878 1074 p.
897 999 1043 1072 eqo-su.

533 1398 535 1406 Ι
682 1303 915 1367 sacnti-L·
1062 1341 1103 1393 g

370 1530 373 1535 .
435 1420 512 1514 ¹⁴oe
531 1447 760 1548 srsrpulrn
779 1427 1090 1544 omuoutladn.
1159 1535 1162 1544 Ι

538 1647 541 1656 ’
657 1639 732 1720 Δς.
779 1632 912 1716 19'7.¹

466 1790 765 1874 Dispositio
801 1746 1081 1878 generalis.

336 1891 488 1995 Organa
508 1913 741 1996 peculiaria,
760 1921 940 1993 vasorum
961 1913 1293 2014 sanguiferorum,

255 1991 585 2106 lymphaticorum
608 2022 646 2079 et
667 2015 909 2085 ductuloruni
929 2018 1183 2102 singularium
1204 2019 1297 2100 (hu-

255 2142 423 2196 morem,
439 2142 460 2184 a
481 2119 666 2203 sanguina
687 2125 725 2182 et
751 2119 914 2206 lympha
937 2119 1188 2198 distinctum,
1207 2141 1298 2184 con·

252 2226 488 2308 tinentium)
512 2219 686 2308 congerie
706 2223 1082 2312 formata‚celluloso
1109 2224 1247 2289 textu'
1237 2245 1296 2288 rn-

252 2328 411 2416 yoluta,
432 2334 471 2391 et
491 2327 606 2390 ductu
627 2327 835 2392 excretorio
855 2325 1066 2402 instructa,
1089 2327 1297 2410 glandu-

254 2430 335 2514 lae
364 2430 541 2497 restricto
578 2429 756 2494 dicuntur
788 2451 923 2493 sensus
948 2429 1298 2512 Conglomera·

256 2538 333 2594 tae
361 2533 433 2594 hae
465 2532 646 2616 dicuntur
677 2532 883 2632 glandulae
916 2537 1003 2614 post
1030 2533 1164 2596 Franc.
1186 2534 1245 2617 Sy
1266 2533 1298 2594 l-

211 2657 215 2668 ·
255 2638 392 2700 vium
417 2637 462 2699 de
492 2638 530 2700 la
553 2639 671 2717 Boe,
693 2637 764 2730 qui
797 2657 857 2699 eas
892 2657 914 2698 a
946 2635 1201 2720 lymphaticis
1231 2655 1296 2700 seu

126 2791 128 2798 Α
256 2740 493 2833 conglobatis
516 2741 567 2826 (t.
593 2741 895 2827 169)primus
883 2734 1065 2802 distinxit
1084 2737 1138 2820 ¹³)
1173 2737 1297 2804 Diffe-

254 2849 346 2908 runt
373 2841 502 2906 autem
535 2843 706 2918 fabrica,
728 2841 875 2926 figura,
898 2841 1187 2926 magnitudine,
1208 2863 1297 2926 par·

254 2951 356 3013 tium
386 2947 680 3017 dissimilarium
704 2951 966 3040 proportione·
983 2959 1021 3017 et
1042 2953 1158 3019 vitali
1191 2974 1297 3028 aner,

255 3053 320 3140 gia
338 3074 360 3118 a
377 3075 415 3119 se
435 3054 604 3116 invicem
615 3056 741 3126 ,adeo
754 3095 765 3138 ,
777 3049 822 3117 ut
844 3055 1003 3135 quodvis
1024 3056 1299 3140 glandularum

255 3176 373 3246 genus
396 3160 502 3222 velut
532 3159 730 3242 propriam
753 3160 898 3228 haheat
919 3160 1069 3235 vitam,
1092 3162 1296 3246 ipsumque

258 3263 485 3346 sanguinem
515 3261 705 3341 singulari
737 3261 850 3325 modo
878 3269 1053 3337 mutare,
1085 3271 1122 3327 et
1148 3264 1296 3346 peculi·

257 3382 363 3428 arem
392 3385 437 3428 ax
466 3383 509 3427 eo
541 3364 745 3428 humorem
778 3385 914 3447 parare
943 3363 962 3446 (
985 3366 1293 3451 secernere)

254 3468 365 3532 sciat.
387 3466 695 3534 Adnumarantur
716 3469 800 3534 his:
823 3468 1030 3553 glandulae
1051 3472 1298 3556 lacrymans,

255 3572 540 3640 Meibomianae
562 3619 573 3653 ,
604 3575 784 3648 salivales
805 3616 817 3649 ,
849 3574 1063 3650 tonsillae,
1092 3575 1314 3660 glandulae,

256 3675 382 3749 auris,
404 3693 618 3755 mammae,
646 3695 828 3759 panor-eas
840 3715 851 3750 ,
864 3673 1013 3760 hepar,
1035 3697 1144 3742 renes
1154 3721 1166 3754 ,
1186 3679 1296 3762 glan·

254 3777 348 3842 dula
376 3783 573 3860 prostata,
595 3783 736 3851 testes,
758 3777 893 3840 ovar-ia
926 3783 965 3842 at
984 3779 1190 3862 glandulae
1213 3800 1297 3846 mu·

257 3882 423 3964 uiperae,
456 3879 543 3944 Alia
566 3884 657 3942 sunt
687 3898 856 3964 organa,
878 3881 1146 3964 glan‘dulosam
1173 3884 1297 3952 fabri·¹

255 4004 341 4050 eam
372 3985 494 4050 ferme
519 3983 726 4058 habentia,
758 3986 966 4051 excretorlo
994 3993 1127 4061 tamen
1157 3989 1296 4062 ductu,

261 4095 308 4155 ut
330 4089 499 4154 hucdum
520 4088 658 4152 saltem
680 4090 845 4167 scimus,
873 4089 1082 4158 destituta.
1111 4092 1295 4176 glandula

255 4193 443 4277 pinealis,
475 4191 719 4282 thyraoides,
742 4194 902 4316 thymus
931 4201 968 4271 at
998 4197 1203 4284 glandulae
1236 4217 1295 4267 su-

256 4295 490 4396 prarenalee,
