2904 5004
281 409 341 476 ¹30
362 389 449 454 Lm.
460 383 506 452 11.
524 385 615 450 car.
628 379 673 447 11.
684 379 744 446 Ds
762 387 851 442 ess·
872 390 971 466 aun.
985 382 1099 440 conr.
1112 337 1292 442 snsrnu.¹

282 532 431 600 huntur
451 531 617 596 arteriae
640 506 840 605 diductae,
863 520 905 587 et'
919 521 1096 586 videmus
1117 544 1178 586 eas
1204 529 1327 589 retra·

281 642 325 706 hi
346 641 387 702 in
407 633 590 700 membris
613 629 849 713 amputatis3
868 647 913 690 ea
934 628 1053 689 etiam
1086 612 1328 693 contractili·

281 747 364 808 tate
386 739 508 814 fit,ut
528 733 693 799 arteriae
714 733 905 794 laceratae
927 728 1119 813 margines
1139 729 1325 818 inaequa·
1433 747 1434 760 ¹

282 849 337 911 les
362 833 411 908 ad
440 865 478 907 se
500 846 633 904 mutuo
657 835 862 910 accedant,
884 833 1025 897 ostium
1055 833 1260 911 claudant,
1291 840 1329 899 et
1433 861 1434 886 κ

281 944 625 1026 haemorrhagiam
638 939 799 1014 sistant,
812 957 898 1000 cum
909 957 1002 1000 vasa
1015 933 1191 1011 dissecta,
1204 936 1247 998 ni
1263 937 1328 1001 de-

282 1051 469 1134 ligentur,
479 1042 643 1108 lethales
665 1060 776 1123 saepe
797 1039 976 1102 adferunt
996 1037 1329 1122 haemorrhagiae.

362 1181 458 1270 sar-'e
477 1203 642 1280 siccatae
662 1199 899 1283 profundum
924 1198 1121 1281 accipiunt
1155 1199 1325 1264 arteriae

290 1313 329 1372 et
348 1305 454 1370 ssavo
480 1301 671 1368 rubellum
693 1305 883 1377 colorem,
907 1306 1020 1386 atque
1053 1301 1210 1385 fragiles
1243 1301 1332 1368 red·
1434 1303 1435 1352 ἶ

285 1410 449 1485 duntur,
462 1408 556 1494 quin
567 1413 699 1471 tamen
712 1403 880 1489 parietes
895 1425 1027 1490 earum
1041 1407 1210 1468 multum
1231 1411 1333 1469 exte-

277 1515 462 1588 nuentur.
486 1508 684 1573 Resistunt
704 1509 769 1572 diu
789 1507 1008 1613 putredini,
1035 1527 1104 1570 nec
1127 1506 1331 1589 copiosum

283 1618 491 1696 spargunt,
521 1612 589 1674 ubi
625 1611 788 1676 dissolvi
823 1609 1044 1693 incipiunt,
1074 1610 1332 1674 ammonium.

284 1718 417 1784 Calore
435 1717 608 1804 fervente
628 1720 909 1798 corrugantur,
932 1722 970 1778 et
991 1713 1025 1775 si
1053 1713 1230 1797 longiore
1266 1713 1332 1778 de-

207 1842 213 1870 ·
289 1823 501 1905 coquantur
531 1825 728 1902 tempore,
766 1818 1018 1881 emolliuntur
1049 1817 1225 1902 quidem,
1254 1838 1333 1883 non
1435 1827 1436 1842 ³

289 1929 422 1987 temen
443 1923 484 1986 in
504 1922 718 2005 gelatina'm
741 1920 985 1984 resolvuntur
1003 1939 1093 1995 ,nec
1117 1919 1270 2011 sapidas
1294 1919 1337 1985 in

285 2044 426 2113 aquam
446 2025 720 2089 transmittunt
730 2025 953 2104 particulas.
974 2023 1094 2088 Acida
1113 2031 1337 2089 concontra-

284 2129 545 2208 ta,nitricum
564 2129 820 2213 praecipuast
840 2129 1105 2210 sulphuricum
1116 2170 1127 2204 ,
1139 2130 1336 2194 membra·

286 2257 357 2301 nas
384 2236 500 2316 hujus
524 2233 746 2318 systematis
775 2233 889 2298 initio
920 2240 1147 2319 corrugant,
1182 2235 1336 2299 tardius

289 2344 418 2402 autem
443 2337 486 2399 in
504 2336 652 2418 pultem
664 2336 860 2398 resolvunt
870 2334 1066 2413 flavellam
1079 2342 1146 2399 aut
1166 2337 1334 2419 nigram.

288 2438 440 2506 Alcalia
459 2443 609 2513 autem,
632 2437 750 2502 etiam
773 2439 961 2513 caustica,
985 2439 1052 2502 vix
1072 2437 1222 2524 aliquid
1247 2459 1334 2504 mu-

289 2545 378 2606 tant
399 2539 629 2604 arteriosum
650 2545 799 2603 textum
822 2540 879 2627 a).
910 2542 1040 2605 Robur
1067 2544 1299 2607 arteriarum
1325 2588 1335 2618 ‚

288 2642 390 2730 quod
410 2644 464 2706 cl.-
486 2645 777 2707 WITRmGHAM
798 2644 965 2727 pondere
983 2665 1151 2727 appenso
1174 2651 1212 2709 et
1244 2649 1334 2710 aiire

285 2741 454 2826 impulso
475 2747 671 2820 tentavit,
689 2747 844 2810 varium
867 2753 924 2810 est
944 2746 985 2809 in
1008 2747 1170 2812 diversis
1191 2749 1336 2814 indivi-

187 2919 190 2928 .
286 2819 393 2920 tfuis,
413 2847 531 2931 inque
553 2846 673 2912 variis
694 2849 864 2931 corporis
886 2850 1084 2932 partibus,
1110 2872 1177 2913 nec
1198 2852 1333 2917 eadem

291 2950 543 3036 proportione
564 2955 829 3034 augeturcum
866 2959 974 3016 aucto
1011 2958 1235 3018 truncorum
1266 2975 1335 3018 vo-

288 3051 435 3121 lumine
446 3095 457 3130 ,
470 3053 583 3129 adeo,
597 3060 640 3118 ut
663 3054 942 3138 frequentiores
955 3043 1133 3120 accidant
1149 3063 1336 3141 rupturae

291 3159 333 3222 in
357 3163 492 3222 aortae
514 3177 625 3232 arcu,
659 3158 725 3242 qui
758 3157 945 3242 majorem
973 3161 1169 3243 experitur
1204 3160 1335 3226 cordis
1384 3145 1394 3164 ⁸

295 3257 378 3330 vim
399 3263 462 3350 h).

372 3419 616 3500 Sensibilitas
643 3420 846 3496 animalis,
867 3428 912 3486 ut
932 3425 1136 3510 finimus
1159 3425 1337 3494 defendit

287 3526 357 3611 c),
377 3523 532 3589 arteriis
553 3521 708 3604 quidem
730 3523 835 3587 haud
856 3524 976 3588 inest:
1000 3528 1174 3592 sitamen
1194 3549 1334 3598 nervo·
1437 3571 1438 3602 2

292 3649 399 3704 rum,
421 3629 542 3691 etiam
570 3627 822 3690 cerebralium
858 3631 1118 3696 consideretur
1148 3636 1261 3717 copia
1284 3636 1335 3720 (§.
1437 3615 1438 3634 Χ

297 3735 414 3821 154),
436 3732 580 3794 mirum
604 3750 682 3794 non
702 3731 920 3808 videbitur,
942 3735 1042 3818 quod
1073 3736 1229 3800 vincula
1259 3741 1336 3804 cir·

298 3841 473 3902 cumacta
504 3834 653 3910 dolores
687 3853 797 3917 saepe
830 3838 1023 3917 excitent,
1068 3841 1217 3929 uodque
1238 3845 1336 3929 inje-

298 3941 354 4005 cti
376 3937 570 4022 peregrini
594 3935 761 4026 liquores
789 3941 1037 4004 manifestam
1057 3963 1097 4008 in
1121 3946 1223 4009 vivis
1252 3945 1337 4008 ani·

295 4044 464 4109 malibus
488 4045 635 4126 ponant
665 4039 929 4106 irritationem
959 4043 1017 4128 d.)
1050 4048 1181 4111 Cultro
1203 4053 1336 4116 tamen

295 4153 361 4210 aut
381 4146 460 4209 alia
480 4143 704 4207 mechanica
729 4143 771 4206 vi
805 4145 952 4221 laesae,
973 4166 1060 4212 oum
1089 4152 1334 4236 gangliorum

293 4251 540 4338 potissimum
566 4246 844 4331 provideantur
871 4255 1021 4332 nervis,
1047 4257 1169 4322 rarius
1191 4260 1335 4328 dolent.
