2904 5004
236 423 347 491 *Secu
368 423 431 491 ΙΙΙ.
456 425 515 489 Du
532 399 769 492 suerumsru
790 439 981 494 cornuto.
1091 443 1150 515 109

103 576 241 636 nostra
267 577 400 634 tamen
434 568 616 654 opinione
646 570 919 662 indumentum
949 573 1073 640 isthoc
1106 574 1157 644 ad

104 677 371 763 cryptobiotas
411 677 548 740 referri
581 675 686 740 haud
724 677 1154 760 potest⁰substanties,

102 779 296 865 siquidem
326 779 473 874 insigni
515 777 682 864 gaudeat
722 776 995 861 reproductiva
1025 781 1089 855 vi,
1115 785 1154 845 at

102 883 300 952 morbosis
320 884 441 947 etiam
465 883 677 948 obnoxium
690 880 744 946 sit
762 881 1155 972 metamorplrosibus.

133 1055 136 1062 ’
188 1053 244 1116 De
264 1054 351 1113 ortu
373 1045 563 1114 cuticulae
583 1049 753 1110 multum
771 1046 866 1110 olim
884 1045 963 1128 jam
982 1047 1156 1130 disputa·

103 1163 191 1221 tum
213 1155 311 1227 fuit,
333 1135 524 1237 siquidem
548 1153 718 1216 vasculis
729 1147 971 1218 ¹destituatur
984 1151 1045 1237 b).
1067 1155 1154 1219 Gre-

106 1261 224 1323 debat
260 1257 480 1322 aresceres
513 1257 681 1350 papillas
711 1239 876 1323 nerveas
908 1259 1037 1324 arides
1068 1279 1154 1324 eam
1238 1273 1239 1276 ’

101 1365 274 1428 formare
297 1361 528 1438 cuticulam3
543 1361 860 1442 Luuuwuuuouu
887 1381 956 1444 pro
979 1360 1155 1427 dilatatis

105 1465 329 1538 encretoriis
361 1467 561 1544 ductibus,
585 1489 603 1532 e
627 1468 733 1530 corio
766 1467 1054 1552 emergentibus
1082 1469 1156 1534 ha·

103 1574 217 1652 buit3
235 1569 264 1636 J.
277 1574 322 1636 D.
336 1573 513 1636 Busums
537 1567 734 1634 arteriolis
756 1571 872 1635 meris
897 1570 1156 1654 compositam

106 1677 271 1742 statuit:
295 1675 460 1761 denique
481 1680 571 1762 sunt
590 1674 708 1739 hodie
739 1673 859 1740 etiam
881 1671 1067 1759 plurimi,
1088 1675 1157 1761 qui

104 1776 196 1866 pos't
214 1762 547 1846 Aristotelem
570 1786 609 1842 et
630 1780 728 1844 alios
751 1778 957 1861 scriptores
981 1783 1156 1858 credunt,

92 1883 319 1951 cuticulam
341 1904 359 1946 e
382 1883 546 1947 humore
569 1879 720 1962 viscido
743 1881 850 1948 oriri.
882 1883 1030 1950 Docent
1050 1904 1157 1948 nem-

104 2007 388 2071 pe,mucosum
408 1987 614 2050 humorem
639 2003 708 2068 per
730 1987 859 2049 ais'rem
879 1981 1076 2061 indurari,
1095 1985 1155 2049 in·
1241 1996 1244 2014 ·

106 2107 181 2174 que
213 2089 423 2153 cuticulam
451 2085 756 2161 transformari,
787 2107 831 2151 eo
860 2083 1012 2180 inducti
1045 2107 1155 2170 argu-
1202 2112 1210 2122 ·

105 2196 263 2267 mento,
295 2192 396 2277 quod
425 2212 470 2254 eo
495 2189 652 2254 facilius
683 2193 907 2272 generetur,
929 2182 1002 2275 qu'o
1032 2190 1157 2275 major

105 2296 213 2370 muci
235 2296 353 2360 fuerit
371 2295 531 2359 secretio
544 2335 555 2369 ‚
567 2292 745 2380 quodque
766 2314 964 2360 mucosam
983 2281 1155 2368 indolem

104 2403 219 2462 tanto
244 2401 367 2489 magis
399 2400 589 2473 retineat,
613 2419 687 2485 quo
709 2398 790 2462 adri
822 2401 997 2499 exposita
1026 2402 1156 2466 minus

106 2501 254 2566 existit.
275 2501 431 2568 Addunt
454 2500 544 2565 dein
565 2501 853 2588 Fourcroyi
872 2509 911 2568 et
933 2505 1156 2588 Veuqua·

107 2605 214 2669 lini
243 2607 475 2670 testimonia
494 2646 506 2680 ‚
528 2625 683 2670 mucum
711 2607 921 2672 animalem
944 2609 1044 2673 ae'ris
1067 2628 1159 2675 con·

107 2714 223 2773 -tactu
240 2711 509 2785 obdurescere,
522 2729 590 2773 nec
608 2708 752 2794 frigore
765 2757 776 2788 ,
790 2731 858 2778 nec
882 2714 1030 2790 calore,
1051 2721 1095 2779 ut
1115 2716 1159 2780 iu

89 2864 92 2873 ,
107 2815 285 2898 gelatina
305 2821 343 2879 et
362 2815 560 2880 albumine
582 2834 663 2898 esse
681 2816 781 2878 solet
795 2813 864 2898 (σς.
877 2836 930 2900 99.
945 2821 1032 2905 roo.)
1041 2866 1054 2898 ,
1067 2841 1158 2886 con-

108 2921 310 3004 gelascere
324 2922 377 3006 c).
398 2921 613 3008 Heroum
637 2917 914 3001 epidermidem
936 2945 1007 3016 pro
1031 2925 1158 2990 modi·

107 3021 229 3085 ficato
267 3021 465 3085 albumine
496 3020 700 3103 coagulato
736 3023 855 3090 habet
884 3023 943 3110 d).
982 3025 1158 3089 Ceterum

109 3121 287 3189 videmus
312 3125 521 3190 cuticulam
543 3125 700 3188 mollem
720 3126 901 3210 quidem,
924 3149 1002 3210 non
1024 3135 1157 3192 tamen

109 3247 308 3293 mucosum
338 3227 378 3291 in
413 3230 521 3291 foetu
551 3233 741 3302 neonato,
772 3213 880 3312 quod*
901 3230 993 3293 huic
1026 3231 1166 3295 adver.

112 3351 200 3395 sum
227 3331 382 3396 videtur
412 3329 609 3414 opinioni,
631 3329 747 3405 adeo,
769 3335 813 3395 ut
846 3331 996 3397 credere
1027 3333 1179 3418 potius'

112 3435 349 3508 debeamus,
378 3421 555 3499 tunicam
594 3436 693 3500 hanc
729 3437 953 3520 organicam
998 3439 1158 3504 omnino

111 3551 214 3618 esse',
235 3547 348 3628 atque
370 3540 498 3604 simili
527 3542 690 3606 formari
720 3543 898 3619 ratione,
919 3551 963 3609 ut
983 3535 1181 3631 reliquaa'

108 3646 333 3710 formantur
353 3643 528 3728 organici
553 3645 723 3730 corporis
743 3653 885 3729 partes.
906 3685 909 3693 ,

196 3807 299 3872 Solet
320 3805 487 3880 cuticula
502 3806 544 3870 in
558 3805 995 3872 animalium-classibus
1015 3830 1059 3873 eo
1082 3830 1162 3876 essa

95 3910 376 3994 ·compactior‚
396 3927 471 3992 quo
489 3911 577 3990 plus
597 3910 639 3972 in
657 3911 745 3974 aere
764 3908 932 3992 degunt,
953 3915 1085 3996 estque
1103 3912 1162 3976 vi-

112 4015 223 4085 scida
242 4019 280 4077 at
298 4031 455 4076 mucosa
472 3999 573 4095 apud
593 4013 783 4076 animalia
806 4033 872 4089 ea,
887 4033 982 4098 quae
1000 4015 1042 4078 in
1064 4035 1165 4100 aqua

114 4124 336 4187 constanter
356 4095 507 4186 vivunt.
530 4117 634 4198 Quae
647 4116 818 4202 squamis
840 4117 1083 4208 vestiuntur,
1097 4139 1163 4182 cu·
1180 4169 1185 4182 i

91 4228 279 4293 ⁸ticulum
301 4227 362 4290 his
387 4225 703 4308 superinductam
726 4231 876 4308 gerunt.
907 4226 1060 4288 Dantur
1084 4243 1164 4289 non

114 4327 508 4414 pauca·animalium
545 4345 715 4414 genera,
748 4315 843 4415 puae
882 4328 1165 4412 epidermidem
