2904 5004
300 424 360 472 uo
381 405 525 474 tran.
540 363 629 468 cre.
642 401 687 466 11.
700 401 759 464 De
780 407 978 460 annuunt.
1000 404 1113 466 cone.
1130 401 1302 458 surrent.

291 554 406 616 certis
431 551 525 614 enni
550 546 792 630 temporibus
815 540 1013 625 deponunt
1040 545 1079 604 et
1099 541 1341 620 'regenerant

260 707 268 725 .
295 659 352 743 0).
375 635 548 718 Ceterum
561 650 720 713 «nullum
743 643 859 707 facile
887 643 1000 707 datur
1022 641 1171 705 animal
1194 641 1338 706 cuticu-

298 757 338 822 la
367 754 625 852 destitutum,
654 753 769 834 prout
805 767 936 810 omnes
968 745 1087 810 etiam
1116 745 1340 828 plantarum

296 866 424 944 partes
447 855 683 942 epidermide
704 852 937 918 vestiuntur.

405 1025 439 1093 a)
460 1019 633 1074 HALLERs
651 1017 699 1102 El.
711 1017 801 1094 phys,
819 1018 857 1078 V.
874 1035 905 1091 p.
919 1017 960 1078 13,

395 1155 426 1221 a)
443 1151 548 1204 Potest
564 1146 696 1202 cuticula
712 1127 806 1202 variis
824 1145 899 1218 tingi
918 1145 1090 1212 coloribus,
1112 1153 1147 1200 ut
1171 1145 1202 1200 ln
1219 1145 1342 1223 pupulis

362 1238 463 1294 minus
481 1235 656 1290 cultisiieri
675 1236 769 1301 solet,
788 1235 848 1306 imp
863 1232 953 1288 hodie
969 1233 1050 1307 apud
1066 1251 1121 1288 nos
1136 1234 1242 1300 etlam,
1262 1245 1342 1310 post-

359 1340 449 1401 quam
465 1325 551 1380 miles
571 1324 708 1380 Gallicus
728 1341 792 1379 eam
813 1335 908 1379 artem
926 1321 958 1376 iu
982 1325 1118 1396 Aegypto
1140 1323 1219 1378 torte
1239 1339 1344 1396 perce·

360 1417 474 1491 pisset,
494 1409 651 1469 nonnullis
675 1431 733 1467 usu
748 1411 843 1467 venit.
862 1411 1007 1477 ,Maeuius
1038 1409 1128 1466 etiam
1151 1409 1266 1466 inustae
1289 1403 1342 1465 (liu

318 1533 323 1545 ·
364 1518 486 1557 rnsnere
500 1498 600 1557 solent
618 1502 649 1556 in
664 1499 862 1574 epidermide.'
1175 1495 1179 1510 '

291 1695 305 1708 ἡ
395 1633 430 1706 s)
452 1618 606 1687 ulisse
616 1629 637 1686 1.
656 1648 681 1686 ο.
699 1648 730 1703 p.
750 1617 1342 1704 14.-c)·seeeuosn1nt.u.p.ra

373 1729 375 1736 Ι
405 1763 438 1834 d)
455 1759 674 1816 Tuolusolt's
690 1758 770 1838 Syst.
787 1759 818 1822 d.
834 1758 1046 1835 chem.1v.p.
1061 1761 1124 1829 456.

292 1862 299 1978 J
370 1879 374 1886 '
405 1894 436 1962 ο)
452 1879 597 1976 cuvren
609 1890 632 1955 1.
649 1907 677 1954 c,
699 1889 737 1945 11.
754 1907 786 1965 p.
806 1888 869 1958 ⁵³4·

738 2088 768 2158 §.
816 2095 885 2163 147·

661 2265 1007 2352 Ungues-Pili.
1054 2357 1057 2364 .

400 2423 631 2492 Muniuntur
678 2427 804 2512 apices
846 2428 1058 2512 digitorum
1099 2424 1141 2518 in
1180 2421 1343 2492 homine

300 2531 457 2596 laminis
489 2531 602 2604 latis,
636 2531 826 2608 elasticis,
859 2527 1085 2615 diaplianls,
1117 2529 1247 2597 indole
1276 2551 1348 2594 sua

170 2665 183 2676 ·
209 2702 213 2710 ,
239 2634 251 2657 “
288 2633 484 2700 ¹cornibus
524 2645 563 2700 et
595 2637 749 2733 ungulis
786 2633 988 2702 brutorum
1031 2633 1246 2712 similibus,
1275 2635 1346 2700 fir·

186 2763 190 2773 ¹
301 2738 443 2802 mando
480 2739 742 2805 musculorum
761 2739 948 2825 pulvillo,
972 2757 1084 2826 quem
1117 2758 1212 2822 apex
1244 2736 1345 2824 digi-

302 2846 432 2936 torum
452 2839 617 2916 format,
635 2843 758 2908 tactui
783 2847 820 2908 et
842 2861 1028 2910 manuum
1050 2837 1346 2909 dexteritatiin-

296 2945 567 3014 servientibus.
591 2947 762 3015 Nectitur
779 2951 922 3035 ¹unguis
947 2949 998 3040 acl
1026 2949 1198 3015 radicem
1230 2954 1267 3012 et
1299 2945 1343 3012 in

305 3049 547 3133 marginibus
580 3067 665 3116 cum
693 3049 926 3136 epidermide
957 3051 1080 3131 cutis,
1112 3073 1208 3138 quae
1239 3052 1346 3116 sulco

301 3152 490 3238 peculiari
510 3169 597 3218 eum
619 3153 784 3237 excipit,
798 3159 835 3222 et
857 3147 1093 3240 processum,
1107 3156 1153 3230 ed
1177 3153 1349 3220 radicem

301 3263 557 3352 latissimum,
571 3263 636 3350 qui
651 3266 700 3331 lu
711 3288 737 3330 n
748 3269 830 3329 ula
848 3261 1011 3341 dicitur,
1024 3287 1139 3352 supra
1161 3261 1347 3330 extimam

300 3367 438 3451 unguis
458 3367 599 3432 faciem
620 3364 759 3432 mittit.
783 3370 965 3451 Capsulae
985 3365 1191 3455 'phalangis
1214 3376 1251 3434 et
1280 3388 1347 3453 pe·

301 3469 443 3533 riosteo
459 3487 535 3532 non
556 3467 633 3533 nisi
653 3487 723 3553 ops
746 3465 919 3536 cellulosi
936 3477 1057 3538 textus
1073 3471 1247 3558 jungitur
1258 3514 1270 3548 ,
1283 3471 1350 3538 ad-

304 3593 348 3638 eo
361 3613 372 3647 ,
394 3579 439 3637 ut
459 3567 597 3655 ungui's
622 3591 708 3637 cum
729 3571 838 3637 nulla
862 3583 994 3659 parte,
1015 3579 1166 3661 praeter
1198 3571 1350 3661 epidor-

304 3672 449 3742 midem
461 3716 472 3751 ,
485 3678 588 3756 cujus
609 3689 804 3756 processus
822 3679 943 3741 ferme
973 3697 1050 3742 essa
1071 3675 1254 3754 videtur,
1276 3679 1350 3742 im·

301 3782 473 3851 mediate
492 3782 707 3846 cohaereat.
731 3785 927 3848 convexae
959 3786 1099 3868 unguis
1128 3785 1243 3852 faciei
1267 3792 1348 3850 rete

301 3905 502 3952 mucosum
524 3886 803 3960 substernitur,
825 3889 886 3952 cui
910 3891 1101 3954 sulcorum
1134 3868 1349 3974 longituili·

267 4031 272 4042 ·
301 3989 453 4052 nalium
474 4006 544 4068 ope
567 3988 748 4052 nectitur.
770 3989 940 4055 Pellueet
959 3992 998 4056 id
1020 4001 1100 4059 rete
1118 4015 1184 4078 per
1206 3996 1348 4076 unguis

300 4091 586 4164 substantiam,
607 4089 701 4155 adeo
713 4132 724 4166 ,
743 4100 787 4157 ut
807 4094 849 4158 in
880 4095 1050 4160 homine
1074 4117 1166 4161 sano
1203 4100 1346 4165 rubelli

299 4202 512 4278 appareant
528 4214 672 4278 unguas
686 4236 697 4268 ,
710 4201 748 4259 et
767 4199 1026 4262 caerulescant
1047 4206 1152 4273 tum,
1170 4201 1237 4280 ubi
1258 4223 1348 4266 san-

298 4299 429 4384 guinis
454 4298 637 4364 circuitus
673 4318 865 4364 remorem
896 4301 1068 4386 patitur,
1098 4303 1354 4388 quemadmo-¹
