2920 4998
260 393 325 477 aas
347 383 493 458 men.
507 385 602 504 pls.
615 381 661 448 11.
674 381 834 446 Dsesu.
850 393 948 446 eurr.
966 394 1075 446 cosr-
1096 393 1265 450 srsrrss.

264 534 424 603 lulares,
446 547 541 614 quae
564 525 674 590 varia
692 529 813 588 semet
832 523 1034 590 decusserit
1066 525 1311 609 directione,

209 629 213 636 ’
265 637 515 718 lamellasque
546 632 718 694 formant
754 629 887 694 variae
927 630 1222 710 crassitudinis,
1258 638 1309 700 ab

264 741 419 838 interpa
437 734 677 801 substantiae
697 737 918 814 compactae
940 725 1034 798 oriri
1061 735 1174 822 facie.
1206 738 1311 822 Quia

263 863 354 906 vero
386 840 546 903 cellulae
569 831 820 908 substantiae,
840 835 952 917 hujus
984 857 1115 902 omnes
1137 839 1311 906 invicem

267 945 576 1014 communicent,
598 942 752 1003 interna
775 939 919 1004 ossium
954 959 1155 1024 compages
1178 949 1223 1009 ut
1244 965 1309 1008 ca.

265 1069 338 1110 vsa
361 1048 475 1112 unica
487 1025 629 1125 ,libris
650 1040 862 1108 innumeris
883 1042 1047 1119 referta,
1071 1045 1311 1114 considerari

266 1156 405 1236 potest.

349 1279 573 1358 Substantia
604 1296 867 1376 compacta
895 1290 938 1354 in
970 1308 1127 1374 corpore
1162 1294 1311 1360 ossium

266 1395 470 1481 longorum
491 1396 694 1461 crassiores
729 1395 933 1476 constituit
952 1397 1148 1480 parietes,
1177 1403 1312 1485 estque

266 1500 362 1564 satis
382 1500 499 1564 etiam
520 1519 648 1563 crassa
667 1498 709 1562 in
721 1499 1141 1584 apophysibus,spinis
1163 1506 1202 1564 et
1222 1501 1311 1566 aliis

60 1587 65 1612 ⁴
156 1593 159 1598 ’
269 1602 410 1666 ossium
440 1602 702 1685 processibus3
724 1602 765 1664 in
788 1601 972 1665 extremis
1009 1602 1156 1666 ossium
1186 1605 1316 1690 cylin-

267 1705 461 1770 dricorum
484 1709 683 1786 compacta
703 1702 922 1768 substantia
941 1704 1188 1788 spongiosam
1202 1710 1314 1773 tenui

268 1810 407 1872 saltem
427 1807 545 1871 vestit
564 1808 725 1871 lemine.
750 1809 793 1872 ln
812 1807 940 1890 planis
963 1808 1110 1872 ossibus
1134 1803 1314 1874 substan-

198 1967 199 1974 ,
267 1913 326 1978 tie
348 1933 392 1975 ea
410 1913 595 1976 tabulam
611 1909 817 1975 constituit
839 1910 1051 1993 duplicem,
1073 1913 1133 1977 cui
1153 1914 1314 1979 cellule-

271 2035 314 2080 sa
334 2012 550 2099 (diploi)
573 2013 806 2098 interposita
827 2019 906 2089 est,
929 2027 966 2078 et
995 2016 1163 2080 cernitur
1187 2017 1313 2101 magis

219 2113 234 2202 ζ
268 2117 492 2192 lamellosa,
514 2117 672 2180 cras'sior
694 2115 743 2178 ad
773 2116 988 2200 margines,
1015 2122 1131 2201 atque
1158 2121 1315 2185 tenuior

269 2209 401 2294 versus
419 2230 614 2304 medium,
636 2227 729 2291 adeo
741 2229 756 2299 ,“
771 2231 815 2288 ut
836 2227 877 2289 in
895 2234 1027 2312 centro
1057 2227 1210 2310 penitus
1234 2251 1314 2292 sees

179 2351 184 2358 ·
269 2351 317 2414 pe
340 2331 519 2410 deficiat,
540 2331 686 2395 tabulis
707 2328 916 2412 compactis
945 2335 1066 2394 semet
1090 2315 1316 2414 contingen*-

269 2435 387 2500 tibus.
412 2439 505 2501 Ossa
526 2437 662 2500 brevia
683 2436 790 2500 tenui
812 2434 1022 2498 admodum
1044 2455 1190 2500 massae
1212 2455 1314 2501 com·

271 2544 408 2622 pactae
442 2547 564 2604 strato
598 2537 764 2604 obducta
796 2545 908 2618 sunt3
935 2539 1129 2622 foramina
1162 2549 1315 2620 autem,

275 2627 425 2705 canales
462 2650 500 2706 et
537 2647 685 2706 meatus
715 2639 882 2720 ossium,
909 2664 1030 2732 vasa,
1069 2664 1207 2708 nervos
1244 2653 1315 2711 etc.

264 2736 618 2822 ¹transmittentes,
655 2753 875 2828 compactae
921 2741 1160 2812 substantiae
1201 2750 1317 2816 denso

259 2847 418 2936 ‘ubique
436 2851 665 2914 muniuntur
683 2855 816 2912 strato.
835 2921 838 2928 ¹
885 2895 889 2906 ,

379 3033 414 3102 ¹')
432 3019 606 3086 Blcfllr‘s
621 3031 740 3103 allgem.
757 3027 850 3126 Anapi
863 3025 902 3085 11.
920 3039 946 3084 1·
963 3045 994 3101 p.
1015 3041 1059 3098 ¹9·

378 3135 792 3238 -sjsomrssmuoca
811 3157 833 3220 1.
860 3157 889 3228 s.
909 3171 1004 3230 19.·.·
1028 3151 1171 3239 ΒΙΟΗΔΤ
1192 3151 1216 3210 ¹·
1237 3169 1266 3214 e·
1281 3169 1315 3228 r·

343 3265 392 3313 ao.
1172 3273 1177 3278 “

721 3431 749 3502 ς.
793 3435 866 3502 ²05·
958 3451 961 3481 ι

312 3559 675 3675 -i’eriosteum
705 3612 882 3679 Partes
919 3599 1261 3692 integrantes(

358 3753 525 3820 Maxime
545 3763 757 3840 propagata
778 3757 881 3821 inter
901 3775 1030 3819 omnes
1051 3751 1213 3818 fibrosas
1233 3759 1316 3818 tex·

279 3866 384 3924 tures
424 3857 489 3942 (§.
523 3863 698 3943 132-136.
724 3864 739 3946 )
770 3847 814 3926 ea
846 3859 1190 3935 estpmembrana,
1220 3875 1316 3942 quae

279 3985 432 4030 omnem
456 3969 599 4032 ossium
621 3970 835 4043 ambitum,
859 3969 1026 4050 exceptis
1056 3966 1232 4031 dentium
1256 3985 1316 4027 co·

277 4071 403 4146 ronis,
426 4071 607 4148 investit,
628 4073 787 4160 ipsaque
820 4073 938 4138 etiam
961 4090 1053 4135 cave
1079 4071 1224 4134 ossium
1251 4089 1317 4152 pe·
1359 4099 1364 4113 ·

278 4179 429 4253 patrat,
461 4174 760 4260 Periosteu
782 4198 819 4242 m
851 4176 966 4240 dicte.
1011 4177 1157 4240 Tenere
1190 4178 1316 4238 aetate

280 4279 441 4354 crassius
462 4285 500 4346 et
516 4278 638 4346 rarius
649 4319 662 4360 ,
679 4280 721 4346 in
742 4280 884 4347 adultis
901 4299 990 4346 vero
1010 4277 1162 4344 densius
1185 4283 1223 4342 et
1241 4278 1317 4342 ser·
