2904 5004
298 393 355 474 rm
378 403 464 470 Lm.
476 397 522 466 11.
546 382 635 464 Car·
649 392 695 460 ΙΙ.
707 395 767 460 Du
784 401 870 456 suu.
887 385 987 458 riom.
1007 407 1120 460 conr.
1134 403 1304 461 suarem,

205 569 206 572 ’
290 537 1350 626 stoteleetwrigthiopostmortemadhucere·
1448 530 1449 544 ¹

290 657 403 720 scunt
415 652 489 734 ”).
511 647 705 714 Decidunt
718 659 861 728 ungues
876 637 991 706 facile
1003 684 1014 719 ,
1027 641 1097 707 ubi
1118 647 1346 727 suppuratio

290 759 393 822 circa
410 753 580 820 radicem
603 747 767 822 accidit,
789 763 863 833 quo
887 749 1090 812 vinculum
1116 739 1296 826 tollitur,
1310 753 1348 815 el:
1448 774 1450 805 ,

289 869 383 938 tum,
392 857 497 922 intra
514 855 684 939 'paucum
703 857 856 934 'campus
874 851 1033 915 'iterum
1062 854 1345 935 restituuntur,

194 1011 196 1016 -
288 964 405 1030 modo
436 961 534 1026 cutis
567 957 733 1032 vicina,
765 955 968 1042 ipsumque
1000 959 1235 1040 periosteum
1266 981 1346 1026 non

291 1067 450 1154 penitus
484 1065 795 1146 corrumpantur.
839 1061 1015 1144 Qualiter
1037 1082 1182 1146 ungues
1217 1065 1349 1132 orian..

289 1179 376 1249 tur,
398 1176 436 1236 et
468 1170 772 1254 reproduoantur
785 1209 797 1246 ,
817 1165 978 1262 perinde
1006 1169 1252 1253 ignoramus3
1275 1193 1346 1236 vo·
1447 1249 1449 1268 ,

291 1277 378 1340 lunt
415 1283 545 1340 autem
584 1261 632 1348 ¹e'n
666 1271 847 1339 indurato
890 1293 1046 1338 mucoso
1087 1275 1265 1352 reti,ut
1298 1277 1344 1342 de
1448 1283 1449 1290 ’

291 1377 529 1462 epidermide
561 1378 823 1454 contendunt,
844 1395 994 1460 ungues
1027 1377 1225 1461 generari,
1251 1377 1345 1444 licat

216 1529 218 1539 .
295 1499 485 1565 exponere
519 1480 624 1545 haud
645 1478 794 1562 possis,
829 1500 946 1566 quare
975 1481 1017 1543 in
1048 1467 1223 1562 apicibus
1245 1481 1348 1567 digi-

291 1587 571 1670 torum'potius
593 1587 666 1650 hae
690 1580 865 1650 oriantur
886 1582 1058 1648 laminae
1079 1603 1264 1654 corneae.

338 1753 340 1758 '
375 1749 504 1814 Simili
524 1749 678 1815 ratione
700 1753 744 1813 se'
763 1747 911 1813 habent
941 1766 1084 1832 ungues
1117 1751 1344 1816 mummuli·

234 1907 238 1914 .
291 1870 382 1934 um,
402 1855 535 1918 avium
555 1859 593 1917 et
615 1851 838 1936 reptilium,
858 1855 942 1918 sola
959 1859 1114 1917 lantum
1143 1855 1270 1940 figura
1302 1865 1342 1922 et

293 1958 421 2023 colore
440 1953 676 2021 differentes.
700 1955 1046 2042 Ungulae'omnem
1067 1957 1225 2041 cingunt
1245 1961 1345 2042 pha·

225 2149 226 2154 ἵ
294 2062 471 2145 langem,
498 2061 701 2124 eihabent
721 2079 889 2126 massam
910 2059 1082 2145 aliquam
1114 2062 1272 2170 mollem
1308 2065 1345 2128 et

294 2162 474 2230 ne'rvea‘m
492 2164 572 2228 sibi
602 2163 864 2241 substratam,
888 2182 985 2247 quae
1010 2182 1162 2228 sensum
1183 2169 1345 2248 praebet

294 2268 355 2334 his
375 2268 553 2350 partibus
587 2268 647 2354 a).
677 2269 827 2360 Cornua
857 2267 1062 2332 brutorum
1094 2269 1344 2353 elongatione

296 2379 394 2452 cutis
415 2379 657 2451 formantur,
679 2389 776 2460 quae
790 2377 832 2441 in
844 2376 1133 2451 ruminantibus
1156 2381 1345 2464 vaginam

296 2481 534 2545 constituunt
554 2499 750 2563 processus
774 2482 896 2558 ossei,
910 2485 1344 2568 variamquefahricam

297 2589 334 2652 et
355 2585 523 2669 figuram
544 2584 586 2647 in
608 2583 768 2650 diversis
795 2587 981 2652 exhibent
1011 2585 1207 2656 elassibus.
1242 2593 1343 2656 Con-

295 2692 425 2755 tinent
437 2687 613 2773 exiguam
634 2689 749 2754 calcis
769 2691 1064 2774 phosphoricae,
1077 2702 1116 2758 et
1126 2695 1343 2760 maximam

296 2792 507 2866 albuminis
530 2791 723 2876 congelati
744 2794 1029 2877 quantitatem
1053 2796 1271 2882 aliquorum
1283 2804 1343 2862 ta·

297 2917 387 2961 men
409 2881 641 2960 animalium
662 2914 801 2958 cornua
824 2892 972 2978 (cervi,
993 2899 1117 2985 hirci)
1138 2915 1225 2962 cum
1247 2897 1345 2962 ossi-

251 3005 252 3010 ’
296 2993 366 3063 bus
387 2995 603 3080 plurimum
624 3001 852 3082 congruunt.

716 3089 727 3114 1

381 3159 500 3243 Quasi
521 3165 661 3223 natura
691 3158 892 3233 limitem,
924 3179 1037 3243 quam
1070 3151 1244 3224 cuticula
1272 3179 1343 3244 po-

296 3265 359 3329 nii
381 3264 483 3330 inter
504 3286 562 3327 res
585 3269 759 3328 externas
780 3269 818 3327 et
831 3263 999 3327 animale
1013 3265 1347 3348 corpus,necdum

296 3365 475 3432 sufficere
494 3365 753 3451 perspexerit,
771 3365 847 3449 pil
861 3389 909 3430 os
935 3368 1057 3431 adhuc
1079 3367 1253 3444 addidit,
1275 3367 1347 3434 fila

299 3475 440 3560 quippe
461 3474 643 3550 alastica,
665 3473 729 3536 hic
751 3473 939 3538 crassiora
952 3513 961 3546 ,
974 3474 1031 3538 ibi
1051 3465 1251 3548 tenuiora,
1264 3475 1349 3537 lon·

298 3599 348 3664 ga
369 3587 436 3643 aut
456 3579 612 3658 brevia,
643 3580 865 3643 duriuscule
895 3581 958 3644 vel
986 3581 1189 3669 molliora,
1220 3579 1344 3644 variis

298 3685 492 3752 coloribus
514 3684 705 3766 insignia,
727 3703 820 3768 quae
843 3689 968 3748 totam
991 3685 1159 3766 corporis
1182 3683 1349 3766 superfi-

297 3789 397 3851 ciem
410 3829 421 3861 ,
440 3787 533 3850 solis
556 3787 677 3850 ferme
699 3786 799 3850 volis
825 3797 1026 3849 manuum·
1043 3793 1080 3850 et
1110 3788 1248 3870 planta
1277 3809 1346 3874 pe-

262 3915 268 3921 ·
296 3893 389 3957 dum
413 3891 807 3975 exceptis,muniunl.
832 3891 925 3954 Illae
938 3897 1066 3954 autem
1088 3889 1345 3988 partes,quaa

295 3997 495 4080 copiosum
515 3999 720 4058 secernunt
739 3993 916 4075 adipem,
938 4011 1032 4076 quae
1052 3993 1260 4058 sensiles-ae
1283 3993 1344 4056 vi·

181 4151 185 4162 .
295 4105 359 4164 tae
378 4099 546 4186 maxima
568 4096 854 4172 inserviunt,et
872 4095 988 4156 simul
1009 4093 1162 4172 injuriis
1175 4095 1344 4158 externis

251 4223 260 4234 ’
293 4203 507 4286 plurimum
520 4204 786 4284 exponuntur,
800 4197 1082 4282 frequentiores
1094 4197 1345 4280 potissimum

580 4333 582 4338 ¹
1273 4302 1343 4368 ha·
