2832 4994
123 385 820 462 Stemmainrorarenr'aanvau.
842 385 1033 446 acriora.
1054 401 1117 466 303
1233 447 1238 454 ,

66 539 234 608 diversis
253 534 296 600 in
316 531 470 617 punctis
493 527 707 611 tangentia,
737 525 906 592 invicem
919 510 1017 602 {vel
1047 545 1122 611 ope
1175 571 1191 602 s

65 645 183 710 tertii
205 639 368 722 alicujus
395 631 906 728 corporispconjungantur·
1004 641 1008 650 '

150 809 252 882 Sunt
268 807 400 866 autem
432 816 593 881 corpora
624 795 746 862 relata
781 793 829 858 ad
862 781 1133 872 Galvanicam'
1232 787 1245 806 ι

65 903 368 977 electricitatem
388 903 450 968 vel
472 901 595 978 talia,
617 919 713 985 quae
738 897 989 984 efficientiam
1010 901 1135 964 hana⁴

64 1015 255 1080 suscitare
275 1011 431 1081 valent,
453 1010 491 1070 et
523 1001 706 1066 dicuntur
734 1002 1051 1066 excitatores
1080 1025 1110 1068 s.

64 1138 106 1187 m
120 1143 141 1184 o
153 1127 170 1184 t
184 1140 205 1184 o
218 1139 260 1214 re
272 1136 312 1194 s;
333 1114 396 1177 vel
416 1131 508 1175 varo
532 1109 590 1172 ita
607 1115 697 1173 sunt
718 1113 943 1190 comparata
952 1147 963 1182 ,
981 1111 1027 1171 ut
1046 1127 1109 1170 ex-

66 1225 232 1290 citatam
252 1205 451 1300 energiam
469 1211 517 1276 ad
539 1211 619 1275 alia
636 1216 896 1294 promoveant
917 1229 1077 1293 corpore
1100 1251 1112 1287 ‚

64 1334 137 1391 aut
159 1325 311 1400 minus,
333 1322 498 1401 suntque
533 1315 607 1378 isto
640 1320 815 1398 respectu
844 1315 1112 1404 conducto.

61 1425 573 1524 resvelseparatoras.

144 1585 382 1650 Excitatores
396 1577 538 1662 optimi
557 1583 647 1642 sunt
667 1569 1113 1664 metallaheterogenea‚

64 1694 104 1754 et
125 1690 268 1770 putant
294 1682 444 1770 aliqui,
473 1700 633 1766 corpora
658 1679 856 1744 metallica
889 1685 999 1745 tanto
1027 1683 1113 1765 plur

62 1791 196 1854 valere
215 1807 285 1871 pro
309 1784 525 1850 excitandis
547 1783 827 1868 phaenomenie
857 1782 1111 1858 Galvanieis,

65 1913 143 1980 quo
166 1881 372 1955 adfinitate
392 1889 440 1953 ad
468 1887 701 1976 oxygenium
724 1887 961 1972 abinvicem
985 1888 1110 1972 magia

62 1996 254 2063 differunt
264 2043 277 2075 ,
289 1994 393 2084 quod
406 1991 538 2059 t'aman
553 1994 1014 2079 experientiageneratim
1036 2016 1113 2066 non

64 2087 300 2166 confirmat:
323 2097 466 2163 etenim
495 2097 649 2162 rincum
680 2102 719 2162 et
748 2117 931 2182 cuprum,
952 2115 1114 2184 quorum

60 2213 271 2291 utrumque
282 2203 396 2268 facile
410 2201 603 2287 oxydetur
616 2199 829 2279 ,efficacem
839 2202 958 2288 simul
970 2203 1113 2268 conati·

61 2301 182 2373 tuunt
196 2313 373 2374 catenam
384 2305 452 2389 ”).
463 2304 614 2368 Ponunt
634 2304 760 2368 etiam·
775 2303 1031 2369 sufficientem
1044 2326 1114 2388 pro

52 2406 748 2500 'auscitandis«Galvanico-electricis
774 2403 978 2471 effectibus
1000 2404 1115 2494 diffe-

60 2515 251 2580 rentiam:
262 2512 431 2597 ejusdem
444 2513 595 2576 metalli
606 2513 925 2594 mutatamixti0‚
938 2509 1113 2591 duritias,

60 2613 255 2706 politura,
268 2621 394 2684 forma
405 2623 443 2680 et
451 2622 713 2710 temperatura
722 2618 782 2703 a);
796 2625 863 2681 aut
876 2618 909 2682 si
923 2619 1112 2685 excitator
1141 2635 1143 2642 '

59 2743 162 2786 unua
186 2722 307 2785 fuerit
324 2721 447 2784 siccus
458 2759 471 2794 ‚
504 2721 603 2785 alter
633 2740 725 2784 vero
755 2719 926 2803 ejusdem
939 2746 945 2776 ι
960 2713 1109 2805 generis

60 2813 248 2889 humidus
266 2823 338 2908 b);
359 2823 421 2885 vel
447 2822 621 2896 demum,
641 2827 684 2886 ut
706 2823 825 2910 ΒΜ
843 2830 1019 2904 expertus
1042 2831 1111 2902 ast,

62 2928 96 2990 ei
120 2926 324 2990 metallum
351 2924 454 2987 idem
483 2945 560 2988 uno
583 2923 661 2988 fine
692 2924 825 3000 acido,
861 2924 985 2990 altero
1016 2949 1109 2993 vero
1214 2987 1219 2994 .

61 3019 207 3112 hepate
226 3023 422 3110 sulphuris
457 3027 749 3109 impraegnatur
772 3048 782 3105 ;
805 3031 875 3089 aut
900 3028 933 3090 si
952 3031 1112 3116 'metalli

65 3133 224 3197 alterius
236 3132 321 3195 loco
335 3131 449 3195 carbo
470 3122 704 3206 adhibeatur
723 3129 878 3193 aliudve
892 3149 1025 3213 corpus
1037 3135 1111 3208 hu-

60 3232 213 3324 midum
226 3231 281 3312 e).
303 3227 475 3316 Denique
496 3230 668 3296 ostendit
679 3233 904 3296 HuMaonnr
920 3240 1109 3320 ,constat-

63 3355 137 3420 que
159 3336 401 3418 experientia
423 3335 541 3399 etiam
563 3334 722 3418 propria
733 3378 760 3412 ,-
776 3339 967 3402 musculos
1003 3360 1108 3405 com-

60 3438 236 3512 moveri,
260 3438 296 3501 si
315 3459 482 3516 nervus,
503 3458 578 3502 uno
604 3445 773 3504 extremo
797 3460 884 3504 cum
904 3433 955 3507 iie'
972 3447 1110 3510 cohae-

57 3561 172 3615 rens,
194 3539 271 3604 fine
283 3543 406 3604 altero
429 3556 515 3604 cum
539 3540 619 3605 illia
637 3541 679 3605 in
691 3548 911 3608 contactum
935 3547 1109 3627 ponitur,

61 3643 380 3708 modonitalitas
401 3645 496 3707 satis
519 3643 573 3708 sit
593 3642 760 3710 intensa.
783 3648 832 3709 Ut
861 3645 984 3732 ig'itur
1014 3629 1106 3717 Gal-

61 3747 205 3811 vanioa
226 3748 415 3810 excitetur
438 3745 673 3812 electrrcrtes
690 3769 843 3814 necesse
867 3757 946 3830 est,
969 3759 1013 3818 ut
1026 3776 1110 3823 cor
1123 3758 1129 3771 '
1188 3790 1191 3795 ·

59 3867 159 3930 pora
183 3847 257 3912 duo
274 3849 551 3932 heterogenee‚
562 3869 738 3950 quorum
754 3872 873 3930 unum
897 3855 1107 3924 minimum

60 3941 267 4014 humidum
301 3949 381 4028 sit,
409 3951 513 4015 vel
503 3973 543 4014 m
583 3959 762 4016 contactu
789 3955 929 4021 saltem
967 3961 1110 4026 existat

62 4071 150 4116 cum
171 4055 401 4118 conductore
421 4053 738 4130 humido‚remet
754 4059 996 4142 contingant.
1020 4066 1106 4127 Sus-

64 4157 210 4220 citatur
241 4157 375 4221 eadem
408 4153 622 4248 efficientia
656 4157 777 4220 etiam
804 4164 910 4236 tum,
931 4163 1000 4226 ubi
1030 4163 1103 4228 duo

63 4256 324 4350 heterogenea
345 4258 493 4346 liquida
515 4279 554 4322 ee
575 4263 709 4325 mutuo
744 4264 997 4348 contingunt,
1017 4285 1109 4350 quo·
1167 4265 1168 4270 ’

794 4627 800 4632 ,
944 4549 953 4623 i
