2904 5004
261 441 370 504 secr.
392 439 449 503 lv.
471 439 531 502 Dr
554 451 792 503 srsrrnsrr
812 415 1017 504 vesorum.
1045 480 1048 492 ·
1118 453 1175 518 139

137 582 349 646 tenerrima
368 586 423 644 est
442 626 453 658 ,
474 583 641 646 multum
663 581 845 657 ductilis,
867 579 972 658 haud
999 582 1178 666 fragilis,

134 706 206 749 nec
230 685 559 749 ossisrcationibus
572 687 585 763 ,'
604 685 758 766 arteriis
789 684 954 766 propriis
987 682 1036 766 (§.
1059 687 1153 771 156.)
1166 729 1178 762 ,

136 789 316 852 obnoxia.
340 789 494 851 Format
517 786 649 865 eadem
680 763 814 850 tu'nica
836 786 1024 866 interiora
1048 809 1179 854 versus

135 892 260 976 plicas
302 895 496 966 diversas,
529 909 624 976 quae
662 889 902 972 valvulae
934 879 1195 972 venarqm'

136 993 330 1058 dicuntur.
354 997 396 1058 In
418 993 634 1056 minoribus
654 1009 842 1069 venarum
865 987 1049 1070 surculis,
1064 990 1181 1054 dimi·

140 1099 246 1162 diam
279 1099 433 1162 circiter
458 1097 599 1160 lineam
629 1092 882 1173 habentibus,
908 1099 1101 1182 simplices
1122 1096 1188 1158 ine-

137 1200 347 1284 veniuntur
363 1199 540 1262 valvulae
554 1239 564 1271 ‚
576 1179 621 1261 et¹
633 1201 878 1281 reperiuntur
899 1201 940 1264 in
958 1197 1078 1262 ramis
1098 1205 1180 1258 mae

136 1302 286 1384 ioribus
324 1301 463 1383 duplae
483 1344 494 1376 ,
518 1286 666 1382 triplae
685 1342 696 1376 ,
729 1302 999 1386 quadruplae,
1029 1299 1109 1362 imo
1143 1303 1182 1380 et

138 1405 364 1491 quintuplae
393 1409 683 1488 nonnunquam.
718 1389 906 1467 Referunt
934 1402 1207 1488 potissimum·

137 1510 286 1592 plicas,
306 1503 358 1570 'ab
377 1525 454 1568 uno
472 1499 804 1589 latere-pendulas
816 1547 826 1580 ‚
846 1508 910 1571 vel
935 1509 1097 1571 annulos
1123 1523 1183 1567 co-

138 1613 271 1688 nicos,
300 1624 432 1694 versus
464 1621 592 1672 ramos
623 1615 861 1699 spectantes,
886 1609 1057 1696 aliasque
1088 1609 1186 1692 figu-

138 1715 223 1794 r'as;
243 1733 392 1798 semper
411 1719 544 1797 tamen
577 1715 868 1799 magnitudine,
900 1718 979 1780 situ
1002 1721 1039 1780 et
1062 1715 1185 1780 sabri-

128 1831 186 1881 'ca
207 1819 294 1880 usui
314 1815 565 1902 respondente
581 1805 936 1903 sustineatquippe
955 1819 1103 1901 pondus
1124 1838 1186 1881 co·.
1221 1842 1259 1934 ,ᾗ

138 1925 295 1986 lumnae
321 1921 545 2008 sanguinis,
580 1928 784 2008 arcentque
824 1923 969 1986 cruoris
1000 1942 1022 1985 a
1069 1923 1180 1986 corde

138 2020 330 2083 refluxum
354 2042 397 2084 ex
421 2023 567 2106 integro
596 2024 658 2086 vel
679 2029 747 2107 pr'o
770 2024 916 2102 maiore
935 2024 1073 2086 saltem
1094 2043 1183 2106 pare

139 2127 192 2187 ts.
215 2123 306 2187 Inde
324 2127 443 2188 etiam
467 2133 543 2202 est,
565 2129 663 2211 quod
685 2134 871 2191 venarum
898 2127 1057 2209 injectio
1079 2149 1101 2190 a
1123 2149 1185 2190 ra-

60 2272 66 2286 .
142 2227 217 2288 mis
248 2227 458 2308 majoribus
488 2231 529 2294 in
560 2229 974 2320 minoresxaegerrlme
996 2232 1186 2307 succedat.

140 2328 348 2420 Pleraeque
376 2334 540 2397 humani
570 2337 740 2432 cop-poris
773 2357 893 2399 venae
924 2337 1091 2400 valvulis
1123 2337 1186 2398 in·
1227 2379 1232 2392 .

140 2437 364 2514 struuntur3
388 2437 523 2520 desunt
547 2446 674 2505 autem
698 2443 807 2520 yenis
831 2441 955 2518 cavis,
982 2428 1187 2527 systemati
1218 2429 1221 2434 ¹

141 2563 264 2606 venae
307 2545 538 2624 portarum,
570 2545 682 2612 uenis
714 2546 937 2629 hepaticis,
964 2539 1188 2624 renalibus2

141 2634 395 2720 vesicalibus,
429 2646 614 2728 uterinis,
646 2648 862 2722 cardiacis,
893 2649 1183 2732 pulmonalibus

144 2753 181 2812 et
213 2749 481 2812 cerebralibus.
514 2749 771 2831 Reperiuntur
799 2769 984 2814 venarum
1004 2752 1185 2814 valvulae

140 2849 184 2912 in
204 2850 329 2914 brutis
351 2851 489 2926 etiam,
511 2851 625 2938 inque
648 2851 884 2936 animalibus
906 2852 1105 2936 interioris
1126 2865 1186 2920 ore

143 2951 258 3018 dinis'.
309 2986 334 3017 .·
570 2953 575 2962 ’

224 3097 475 3172 Instruuntur
509 3120 695 3178 venarum
730 3101 884 3190 tunicae
909 3101 1077 3180 vasculis
1100 3119 1189 3164 sane

142 3199 325 3287 potieris,
346 3184 441 3286 quae
471 3203 524 3266 sic
560 3203 771 3303 disposita'e
806 3209 920 3301 sunt,
948 3209 992 3266 ut
1019 3205 1067 3267 in
1084 3209 1186 3268 arte·

73 3353 80 3364 .
141 3308 216 3378 ‘riis
249 3309 308 3393 (q,
338 3311 616 3402 154.).'[e-xtus
652 3309 853 3392 cellulosus
889 3308 1185 3388 extimamnon

55 3487 61 3494 ⁶
143 3410 259 3475 modo
293 3415 439 3476 format
467 3411 663 3492 tunicam,
685 3431 819 3473 verum
847 3413 1026 3492 penetrat
1063 3409 1183 3492 etiam

142 3515 330 3603 fibrarum
351 3515 505 3578 tunicae
525 3507 705 3597 propriae
727 3513 963 3589 interstitia,
985 3511 1184 3598 ipsamque

64 3651 69 3664 ·
141 3618 241 3682 hanc
265 3627 302 3682 et
322 3618 505 3680 intimam
525 3618 790 3680 membranam
818 3635 885 3697 pro
910 3615 1052 3698 majori
1075 3623 1185 3703 parte

85 3763 88 3779 ,
143 3721 341 3786 efformare
363 3722 539 3796 videtur,
558 3743 580 3784 a
604 3739 677 3805 quo
708 3713 746 3783 et
766 3720 888 3803 major
910 3741 1096 3804 uenarum
1117 3722 1186 3784 du·

143 3824 289 3887 utilitas
318 3823 440 3906 repeti
472 3823 596 3886 debet.
628 3824 758 3902 Multo.
782 3821 978 3903 pauciores
1000 3843 1185 3887 venosum

143 3930 313 4007 systema
342 3924 513 4008 possidet
545 3945 681 3988 nervos
714 3944 829 4010 quam
862 3925 1113 3999 arteriosum,
1135 3923 1183 3988 ad

142 4029 387 4111 gangliorum
408 4033 577 4110 systema
597 4012 845 4108 pertinentes.
877 4027 972 4090 Vasa
1001 4027 1184 4090 exhalan-

141 4131 201 4210 tie,
233 4137 271 4194 et
301 4130 549 4194 absorbentia
579 4129 620 4191 in
653 4129 761 4192 venis
794 4135 876 4194 arte
908 4129 994 4193 sisti
1027 4129 1181 4214 quidem

141 4243 220 4298 non
249 4240 434 4316 possunt,'
455 4231 711 4314 reproductio
747 4237 885 4314 ,tamen
923 4231 1183 4314 praesentiam

146 4347 276 4402 eorum
298 4337 393 4402 satis
415 4325 572 4403 evincit.
