2920 4998
256 415 488 484 seorsim.
509 415 570 516 De
584 401 824 482 'sternuere
844 415 1007 496 oss1ooi.
1080 435 1084 446 ·
1112 435 1174 502 237

136 583 197 629 me
227 562 378 627 tenuius
411 566 591 647 apparet,
621 567 752 646 estque
783 560 1019 644 pariosteum
1053 569 1177 628 exter-

134 688 227 734 num
250 650 417 730 crassum
438 671 476 729 et
500 664 684 738 densum,
706 663 902 727 internum
922 665 1045 729 rarius
1067 673 1104 732 et
1123 674 1182 733 te·

134 791 283 836 nerum.
328 767 499 858 Ntactitur
531 785 617 830 cum
647 766 792 831 ossium
821 769 1043 832 substantia
1072 789 1183 834 vaso·
1220 813 1225 820 -

133 893 221 941 rum
244 861 281 938 ei
304 872 598 938 filamentorum
619 863 864 936 sellularium
886 887 981 956 ope3
1003 875 1183 941 cohaeret

132 980 176 1044 in
207 979 336 1044 adulto
368 977 628 1063 magisquem
660 976 702 1038 in
728 993 870 1057 puer03
893 977 1096 1068 putredine
1122 985 1183 1044 to-

132 1089 217 1148 tum
239 1080 395 1146 secedit.
419 1080 613 1162 Arteriae,
635 1099 658 1142 a
678 1078 798 1142 ramis
817 1076 958 1143 vicinis
971 1081 1183 1160 subortae,

135 1186 345 1252 subtilibus
367 1183 487 1248 ramis
510 1181 744 1273 ppriosteum
764 1180 1183 1258 adcedunt‚diraman·

49 1287 56 1304 '
135 1295 199 1354 tur
220 1289 262 1352 in
283 1297 441 1352 externa
462 1285 542 1369 ejus
565 1281 765 1367 superficie
784 1304 938 1370 omnem
959 1284 999 1348 in
1017 1275 1183 1361 sensum,

136 1391 178 1456 in
198 1391 354 1471 interna
377 1395 507 1453 autem
529 1387 639 1468 juxta
666 1385 854 1450 fibrarum
879 1407 1073 1453 ossearum
1098 1389 1183 1452 lon·
1227 1437 1230 1444 .

136 1494 353 1582 gitudinem
375 1511 444 1577 per
474 1509 598 1556 osseos
628 1489 836 1554 decurrunt
863 1491 1054 1567 sulcator,
1083 1493 1186 1557 undo
1266 1541 1271 1552 ,

122 1612 262 1664 'ramos
291 1599 340 1664 ad
372 1611 706 1690 ompemosseam
729 1593 988 1658 substantiam
1020 1595 1186 1662 mittunt

137 1706 191 1788 ⁶).
224 1701 364 1767 Eadem
398 1700 551 1764 ratione
571 1696 781 1780 dispositae
809 1701 898 1760 sunt
922 1717 1052 1761 venae.
1090 1701 1187 1765 Vasa

137 1800 400 1893 lymphatica,
421 1823 445 1866 a
472 1805 737 1866 enarremus·
760 1803 822 1889 ⁶³)
845 1807 884 1865 et
906 1800 994 1865 aliis
1027 1802 1185 1869 demon·

140 1912 288 1984 strata,
311 1907 486 1991 copiosa,
513 1911 556 1969 ut
585 1901 832 1989 reproductio
855 1904 1026 1988 ‚insignis
1052 1913 1186 1990 postu·
1302 1896 1305 1908 ¹

138 2011 222 2085 lat,
245 2007 285 2071 in
311 2007 384 2072 bae
417 2009 557 2073 adsunt
584 2005 730 2071 tunica.
764 2005 899 2080 Nervi,
923 2007 1101 2072 dentibus
1125 2031 1188 2078 ex-

140 2112 283 2194 ceptis,
303 2111 403 2174 nulli
433 2110 622 2182 adceduut
648 2108 697 2173 ad
726 2109 984 2191 periesteum‚
1008 2110 1108 2174 unde
1144 2114 1187 2178 in

139 2212 307 2278 normali
333 2219 437 2278 statu
470 2212 635 2278 animali
660 2211 886 2276 destituitur
907 2213 1187 2304 sensibilitpter

22 2335 27 2346 ¹
138 2318 319 2382 morbose
335 2337 426 2382 vero
447 2317 623 2382 'exaltato
642 2333 824 2380 vasorum
847 2317 1028 2402 organico
1053 2340 1185 2398 sensu,

139 2421 471 2484 atrocissimorum
514 2421 692 2486 dolorum
734 2406 1039 2489 eadem'tunica
1075 2445 1186 2512 saepe

142 2521 316 2587 redditur
340 2523 459 2588 sedes.

223 2691 389 2757 inservit
404 2691 639 2775 periosteum
661 2689 890 2768 tendinum,
912 2699 1186 2775 musculorum,

131 2791 444 2880 ‚ligamentorum
464 2797 534 2858 eto.
549 2790 786 2866 ,insertioni‚
805 2796 842 2856 et
874 2794 997 2858 nectit
1019 2795 1184 2862 fibrosas

137 2897 312 2960 texturas
346 2896 388 2959 in
419 2915 539 2974 unum
572 2894 681 2980 quasi
711 2895 939 2973 continuum
968 2895 987 2972 (
999 2903 1026 2974 ς.
1058 2902 1186 2989 132.);

139 2999 312 3064 maxima
339 3007 469 3066 autem
497 2999 671 3076 utilitas,
707 3019 821 3084 quam
852 2999 985 3062 eadam
1016 3009 1188 3084 praestat
1258 3053 1262 3060 .
1324 2997 1328 3006 '

137 3101 296 3176 tunica,
325 3100 366 3163 in
390 3120 433 3163 eo
467 3099 668 3176 consistit,
698 3101 798 3184 quod
828 3119 921 3162 vasa
952 3095 1118 3163 adducat
1149 3109 1186 3162 et

136 3201 297 3268 reducat
317 3202 507 3278 nutritis,
526 3203 744 3287 ossiumque
763 3201 1024 3266 substantiam
1046 3203 1094 3266 ab
1123 3223 1185 3266 ex·

139 3310 261 3376 ternis
282 3313 436 3371 tueatur
453 3307 629 3391 injuriis:
651 3305 740 3369 inde
762 3305 979 3391 igiturest,
999 3306 1101 3391 quod
1122 3327 1187 3390 pe-

141 3415 287 3478 riosteo
319 3411 465 3478 nudata
497 3411 591 3477 ossis
611 3430 699 3496 pars
710 3455 722 3490 ,
742 3429 832 3477 mox
858 3415 1127 3495 corrumpatur
1147 3417 1185 3476 et

140 3519 341 3599 separetur
369 3515 427 3597 a).
669 3520 674 3534 '
938 3523 944 3536 '

223 3681 288 3746 Sat
307 3679 481 3762 copiosus
499 3680 624 3746 fertur
645 3676 687 3744 in
709 3699 795 3748 ossa
814 3697 882 3762 per
902 3677 1098 3765 triplicem
1118 3704 1186 3780 νᾳ·
1210 3655 1212 3658 ¹

47 3786 52 3814 ⁸
139 3803 271 3850 sorum
296 3780 470 3845 ordinem
492 3782 670 3868 sanguis:
693 3783 796 3846 Unus
818 3781 958 3868 quippe
979 3785 1186 3850 arteriosus

114 3906 270 3953 ¹ramus
303 3886 345 3949 in
376 3884 520 3950 ossium
550 3885 854 3971 cylindricorum
885 3884 1099 3952 medullata
1127 3909 1189 3952 ca·
1223 3887 1226 3894 '

139 4009 232 4056 uum
251 4009 317 4072 par
337 3990 513 4056 foramen
533 3989 743 4054 nutritium
763 3987 998 4074 ingreditur-3
1017 3987 1186 4063 direme-

20 4117 25 4122 ·
139 4097 203 4186 tur
224 4090 288 4156 bic
310 4093 352 4157 in
375 4082 546 4158 surculos
578 4091 823 4168 subtiliores,
845 4093 910 4178 qui
938 4091 1062 4158 textui
1091 4093 1200 4157 reti··

139 4195 288 4270 culeto,
307 4196 547 4262 substantiae
576 4194 829 4280 spongiosae,
849 4201 888 4258 et
916 4193 1093 4260 internae
1125 4194 1187 4258 fa·
1219 4256 1230 4282 '¹

140 4297 215 4362 ciei
234 4315 383 4376 massae
406 4306 629 4387 compactae
649 4298 850 4394 capilisres
871 4295 1107 4364 submittunt
1127 4313 1187 4362 ar-

533 4599 551 4649 Ι
627 4557 631 4566 .
