2902 4996
278 405 342 484 30⁰
363 391 449 456 Lu.
468 384 515 453 11.
527 389 617 455 Cur.
640 389 705 456 111.
725 389 916 456 lucrum.
940 403 1113 458 srrerss.
1134 409 1293 467 consto.

280 537 319 597 te
349 533 541 598 mixtione
572 529 622 616 (§.
644 533 741 620 92.)‚
764 531 876 595 veria
903 531 1063 598 omnino
1087 548 1191 615 esse,
1211 536 1337 620 adeo,

121 637 127 644 “
216 688 218 695 .
278 642 324 700 ut
345 637 519 719 quaestio
540 639 635 701 haec
657 658 676 700 e
697 635 902 719 principiis
925 637 1111 703 chemicis
1141 640 1250 706 nullo
1272 641 1339 706 de·

279 743 487 806 terminari
508 743 630 824 possit
647 741 775 806 modo.
798 741 840 806 Id
858 747 991 814 tamen
1010 749 1252 826 compertum
1265 747 1341 810 ha·

279 846 435 920 bemus,
459 845 748 932 quodmateria
772 847 943 929 corporis
972 845 1157 911 animalis
1184 866 1253 930 per
1282 853 1340 915 ef-

279 947 498 1012 ficientiam
528 949 628 1012 hanc
668 946 709 1011 in
737 947 921 1012 mistione
956 955 1156 1016 mutetur:
1188 951 1340 1019 etenim

156 1121 159 1130 ,
281 1070 437 1126 carnes,
469 1057 514 1115 ut
545 1051 794 1115 seirannus
831 1057 1023 1129 testatur,
1057 1055 1180 1120 multo
1218 1055 1340 1122 citius

279 1161 525 1238 putrescunt,
538 1155 607 1220 ubi
625 1155 920 1237 electrisantur,
934 1167 972 1224 et
992 1133 1096 1225 vidit
1115 1161 1191 1224 cel.
1204 1161 1341 1225 Bourt-

281 1273 347 1322 ms
371 1277 597 1341 porsonam,
618 1260 799 1325 fulminis
830 1261 909 1325 ictu
942 1267 1178 1338 mactatam,
1201 1263 1340 1344 paucis

281 1365 370 1444 post
391 1362 546 1425 tristem
566 1363 721 1427 obitum
749 1364 859 1428 horis
886 1355 1091 1446 putredine
1118 1368 1338 1431 resolutam

280 1463 343 1548 b).
365 1455 590 1528 Do'cuerunt
616 1464 707 1528 dein
735 1466 1003 1548 experimenta
1035 1469 1055 1532 S
1071 1487 1088 1530 c
1102 1468 1130 1534 h
1143 1463 1202 1534 tib
1216 1469 1231 1534 1
1243 1492 1262 1533 e
1274 1492 1293 1535 r
1306 1471 1342 1533 i..

285 1584 375 1627 ana
406 1560 551 1646 (§.108.
574 1573 655 1631 not.
687 1569 744 1656 g.)
757 1611 772 1653 2
798 1570 1157 1654 coagulabilitatem
1179 1573 1341 1660 sangui.

288 1668 349 1768 nis
366 1690 434 1753 per
457 1671 755 1738 electricitatem
775 1673 971 1758 impediri.

368 1831 494 1914 Multo
517 1849 644 1913 adhue
667 1848 883 1914 evidentior
917 1855 975 1914 est
1006 1845 1337 1931 imponderabilis

232 1942 234 1950 ’
284 1952 399 2016 istius
419 1952 649 2037 dynamicus
671 1947 845 2017 effectus.
868 1952 979 2036 Legit
993 1951 1205 2018 efficientia
1226 1951 1339 2028 haec,

286 2073 372 2119 oum
387 2054 557 2120 animale
577 2061 752 2139 permeat
772 2063 928 2140 corpus,
957 2061 1099 2119 nervos
1121 2038 1330 2142 praecipuo

287 2164 325 2221 et
339 2178 445 2234 ossa,
468 2177 565 2244 qnae
587 2158 731 2241 optimi
757 2159 835 2245 ejus
853 2163 943 2224 sunt
962 2155 1221 2222 conductores.
1245 2159 1340 2244 Agit

287 2267 416 2324 autem
428 2261 470 2324 in
484 2283 622 2327 nervos
644 2264 850 2347 praecipue
867 2261 1078 2342 ‚ethorum
1094 2279 1165 2346 ope
1187 2260 1229 2324 in
1239 2282 1336 2328 vass
1446 2303 1447 2318 κ

281 2365 508 2447 congessere
521 2372 559 2430 et
581 2369 816 2430 musculas-es
836 2364 978 2442 fibras,
993 2382 1090 2449 quae
1112 2363 1241 2429 nervis
1269 2384 1336 2448 op-

289 2472 501 2548 ponuntur.
524 2469 729 2534 Promovet
751 2468 881 2552 itaque
915 2465 1147 2534 conveniens
1183 2467 1338 2534 electri-

286 2568 417 2630 citatis
442 2568 584 2652 gradus
605 2570 761 2656 quasvis
783 2569 1005 2635 functiones
1029 2568 1229 2652 organicas
1244 2611 1256 2645 ‚
1270 2590 1337 2634 au-

224 2747 227 2754 *
273 2675 347 2754 'get
368 2691 577 2734 nervorum
599 2671 914 2755 receptivitatem
935 2675 973 2734 et
1002 2655 1269 2736 musculorum
1289 2693 1333 2736 u·

283 2773 459 2867 triusque
476 2773 582 2837 vitae
605 2773 921 2839 irritabilitatem
943 2774 1006 2860 c),
1038 2761 1167 2858 estque
1197 2792 1331 2856 prom·

282 2883 394 2959 ptum
416 2877 458 2968 in
487 2875 772 2942 adfectionihus
805 2873 1053 2952 nervbsis,in
1073 2879 1332 2964 paralysietc.

284 3005 396 3068 saepe
416 2983 643 3048 remedium.
665 2987 815 3052 Docent
842 2989 1043 3069 praetereo
1069 2985 1334 3067 practicorum

283 3087 569 3154 observationes
583 3130 593 3162 ‚
606 3087 707 3176 quod
728 3087 863 3152 eadem
885 3086 1121 3160 efficientia,
1137 3087 1206 3150 sub
1220 3088 1336 3152 certis

281 3191 423 3276 regulis
448 3192 630 3255 adhibite
641 3195 901 3277 ,prostratam
922 3208 1105 3254 vasorum
1118 3194 1156 3261 et
1175 3187 1338 3272 glandu-

283 3297 410 3360 larum
441 3296 774 3381 lymphaticarum
805 3293 1003 3377 energiam
1024 3291 1171 3376 optime
1201 3281 1337 3377 erigat.

278 3402 429 3464 Nimius
448 3408 578 3466 autem
601 3399 868 3472 electricitatis
884 3394 1023 3480 gradus
1034 3397 1110 3472 ,sit
1130 3397 1199 3461 ille
1233 3397 1335 3460 rela-

281 3507 386 3568 tivus
405 3509 467 3570 vel
483 3505 702 3588 positivus,
725 3504 787 3568 vel
807 3503 935 3567 nimia
966 3505 1080 3566 nocet
1099 3500 1334 3564 concitatio-

262 3627 353 3686 ne,
383 3611 446 3673 vel
471 3608 632 3675 destruit
653 3610 779 3674 vitam
792 3605 1061 3682 individuam,
1079 3605 1256 3672 tollendo
1274 3625 1334 3670 or·
1443 3605 1444 3624 ³

282 3709 507 3792 ganicarum
525 3711 673 3778 virium
694 3709 953 3774 differentiam
974 3707 1032 3796 d).

372 3883 464 3943 Cum
490 3879 684 3963 stimulus·
706 3878 904 3943 electricus
937 3875 1231 3962 potentissimus
1255 3875 1333 3952 sit,

287 3983 490 4070 ipsumque
511 3984 675 4047 vitalem
697 4001 919 4066 processum
940 3980 1086 4064 partim
1109 3980 1332 4055 comitetur,

280 4090 503 4176 partimque
515 4094 636 4172 regat,
648 4087 750 4154 ae‘ris
763 4086 1066 4171 atmosphaerici
1091 4083 1327 4149 electricites

281 4179 328 4256 ¹in
355 4192 556 4258 hominem
591 4197 629 4256 et
661 4199 799 4257 cuncta
829 4192 1139 4276 phaenerobiota
1169 4209 1333 4272 corpora

280 4299 476 4386 insignem
502 4295 624 4362 exerit
646 4297 831 4366 effectum.
854 4297 988 4368 Varius
1023 4301 1154 4364 eutem
1184 4300 1241 4362 est
1273 4299 1334 4360 et-
