2904 4996
340 427 343 434 .
380 377 491 442 secr.
511 376 572 440 111.
591 377 652 454 De
674 389 886 458 sensurus,
1119 388 1183 458 tt

111 529 172 598 est
191 521 381 600 humum
403 518 583 602 specifica
603 521 748 586 cruoris
768 522 940 607 gravitas
960 521 1085 605 maior
1103 525 1162 588 est

112 645 231 712 quam
253 623 352 700 seri,
373 621 528 688 innatat
546 622 584 688 ei
606 629 739 688 tamen
750 669 762 702 ,
784 625 853 689 ubi
875 625 1005 690 bullae
1026 627 1161 690 abraae

112 726 257 792 adsunt
287 726 487 818 copiosae,¹
518 727 566 790 ab
596 723 795 815 albumine
822 729 938 792 facile
962 733 1081 806 ortae,
1115 731 1161 814 In

23 890 29 906 ,
112 829 242 911 senis,
271 830 465 906 robustis,
494 829 590 912 bene
615 830 737 914 pastis
771 834 810 894 et
839 831 1020 916 phlogosi
1049 832 1158 896 labo-

98 931 293 1000 ,rantibu's
313 931 437 1018 major
456 929 573 1014 hujus
590 933 845 996 crassamenti
863 933 1054 1016 reperitur
1073 953 1161 1016 pora
1199 1021 1201 1030 Ι

112 1038 196 1114 tio,
227 1056 342 1123 quem
381 1037 422 1120 in
456 1033 649 1100 debilibus
681 1041 719 1100 st
749 1037 1132 1122 leucophlegmaticis
1148 1081 1160 1126 ,

110 1138 181 1203 ubi
200 1157 327 1210 serum
353 1138 525 1202 abundat
548 1137 598 1222 (t,
622 1140 728 1228 107.).
751 1139 928 1205 attrahit
958 1159 1093 1221 cruor,
1116 1139 1161 1204 'ea

110 1241 311 1326 facieque
337 1239 418 1303 a'e’ri
439 1240 642 1326 contiguus
672 1247 751 1318 est,
774 1242 894 1306 etiam
916 1254 999 1308 sero
1019 1246 1158 1330 tectus,

111 1345 371 1431 oxygonium,
395 1365 468 1432 quo
490 1346 657 1412 colorem
677 1347 779 1421 laete
800 1347 961 1412 rubrum
990 1347 1160 1432 accipit,

109 1451 302 1538 profunde
323 1452 495 1520 rubebat
522 1453 598 1536 atri
625 1455 746 1520 ferme
773 1460 830 1520 est
852 1455 1056 1532 colorisin
1082 1455 1164 1518 ima

57 1595 59 1602 ,
108 1563 233 1643 parte.
268 1557 394 1624 Mutat
423 1577 532 1622 cruor
559 1558 745 1624 citissime
767 1565 896 1625 atrum
927 1558 1094 1623 colorem
1119 1557 1162 1625 in

110 1663 211 1728 laete
233 1663 414 1740 rubrum,
437 1660 479 1726 in
500 1662 587 1728 aire
609 1661 800 1747 oxygonio
822 1662 886 1727 vel
910 1661 1057 1747 salibus
1078 1679 1159 1722 me·
1227 1738 1238 1760 x

14 1811 17 1836 .
110 1765 181 1832 diis
209 1787 457 1852 conspersus,
483 1773 522 1832 st
541 1768 662 1833 vertit
682 1769 811 1833 a'e'rem
833 1787 921 1840 aum
941 1767 984 1830 in
1004 1764 1158 1831 acidum

41 1874 45 1880 ’
111 1870 376 1938 carbonicum.
420 1939 424 1956 ἡ
1050 1863 1054 1872 ’

194 2015 353 2082 Constat
380 2011 577 2098 sauguinis
609 2016 790 2098 placente
819 1987 966 2078 duabus
994 2009 1158 2088 essentis·
1260 2071 1264 2080 .

61 2153 66 2162 ·
108 2117 240 2216 alibus¹
274 2116 482 2200 partibus,
513 2117 725 2206 filbrosa
761 2137 899 2202 nempe
931 2120 969 2181 et
1005 2115 1160 2179 rubra

106 2227 245 2310 parte,
278 2228 374 2311 quae
409 2241 557 2288 cruor
590 2222 746 2306 proprie
779 2221 1044 2306 compellatur.
1085 2214 1158 2282 Ubi

106 2328 265 2412 ¹sanguis
285 2347 363 2395 non
385 2326 554 2412 agitatus
576 2327 810 2413 congelascit
829 2324 1014 2418 (Μὰ),
1035 2323 1156 2392 fibros
1268 2341 1273 2350 ’

107 2451 151 2500 sa
179 2451 290 2514 pars,
310 2447 406 2514 quae
437 2428 570 2494 eadem
599 2430 733 2516 utique
764 2437 822 2498 eet
845 2449 933 2496 cum
959 2427 1155 2514 principio

106 2531 250 2599 fibroso
276 2531 329 2616 (ς,
350 2531 444 2616 101.)
468 2534 531 2619 l),
555 2531 772 2610 solidescit,
796 2535 989 2622 simulque
1008 2535 1156 2601 format

106 2633 334 2714 filamenta,
357 2633 398 2700 in
426 2640 506 2700 rete
535 2636 729 2718 peculiare
754 2639 999 2724 complicata,
1031 2639 1155 2702 lnter-

109 2737 207 2822 cipit
227 2735 413 2830 fibrosum
433 2738 506 2830 boc
537 2737 618 2802 rete
644 2739 760 2804 initio
780 2761 909 2816 serum
934 2761 1019 2806 cum
1051 2741 1155 2806 colos
1204 2777 1208 2786 ·

103 2841 205 2908 ratis
244 2840 444 2927 sanguinis
477 2840 703 2925 particulis,
727 2842 972 2912 contrahitur
1004 2841 1154 2908 tardius

104 2946 147 3010 in
166 2943 349 3009 volumen
372 2943 519 3019 minus,
542 2963 616 3029 quo
633 2965 760 3011 serum
780 2966 848 3029 par
865 2946 957 3011 retis
978 2945 1157 3014 interstis

103 3050 164 3114 tia
182 3044 412 3130 exprimitur
432 3043 484 3130 (ς.
509 3045 602 3133 107,)
614 3087 624 3136 2
644 3049 850 3132 particulis
868 3047 996 3112 rubris
1007 3089 1019 3125 ,
1041 3053 1156 3130 utpo-
1276 3041 1280 3046 ’

102 3156 145 3215 te
176 3148 450 3229 crassioribus,
470 3149 576 3217 intra
607 3149 794 3216 fibi-osum
817 3156 967 3216 textum
1000 3170 1154 3235 parmas

15 3279 19 3298 ·
102 3254 297 3322 nantibus.
319 3253 395 3318 Ubi
415 3273 504 3319 vero
525 3253 681 3340 sanguis
704 3255 900 3338 agitatur,
917 3260 1004 3320 'rete
1033 3253 1155 3319 fibro-

103 3379 188 3428 eum
209 3358 401 3426 laceretur
412 3397 424 3448 ,
447 3378 521 3444 quo
541 3357 757 3442 particulae
778 3357 916 3422 rubrae
939 3377 1066 3424 serum
1086 3364 1154 3425 eut

104 3480 246 3546 aquam
260 3503 272 3540 ,
293 3482 388 3547 quae
417 3482 486 3546 pro
512 3447 682 3527 elutione
715 3461 948 3540 adhibetur,
972 3463 1152 3540 subeunt,

101 3567 218 3634 Varia
248 3575 304 3636 ast
324 3571 492 3636 fibrosae
525 3570 648 3652 partis
671 3569 713 3634 in
741 3565 902 3635 diversis
932 3568 1150 3650 individuis

101 3674 325 3758 quantitas,
339 3674 444 3740 deest
463 3673 642 3758 sanguini
662 3673 788 3738 foetus
814 3671 898 3756 tt),
913 3661 1043 3759 estius
1064 3676 1152 3760 plus

101 3775 245 3842 timum
265 3776 310 3840 ds
329 3776 401 3840 hac
422 3777 640 3862 substantia
659 3781 785 3842 aetate
805 3777 941 3858 virili,
961 3775 1063 3862 apud
1084 3797 1147 3842 roe

100 3881 235 3968 bustos
275 3881 499 3963 cumprimis
533 3887 571 3945 et
604 3880 817 3948 laboriosos
855 3883 1057 3972 homines,
1091 3879 1150 3949 dis
1223 3923 1225 3930 ,

102 4004 235 4052 versae
254 3984 372 4050 etiam
402 3991 458 4050 est
486 3972 781 4054 consistentiam
804 3984 946 4076 lortius
969 3986 1149 4049 cohaeret
1252 4019 1255 4026 ,
1377 4007 1381 4018 ·

100 4087 142 4152 in
172 4087 385 4167 artarioso,
407 4108 523 4174 quem
557 4088 599 4154 ln
628 4107 769 4167 venosa
802 4085 847 4175 a)
877 4087 1088 4172 sanguine,
1111 4092 1151 4151 et
1221 4105 1225 4119 ’

102 4187 243 4276 lortius
270 4191 313 4280 in
342 4191 485 4276 adultis
506 4209 622 4280 quam
648 4191 690 4259 in
716 4191 937 4276 junioribus
967 4189 1149 4278 animali«
1223 4229 1227 4236 ·

103 4294 186 4390 lla
